2374 3300
6 146 2100 283 Anno 1732. (Num. 13.) 13. Februar.
804 291 1394 433 Wienerisches
518 397 1692 579 DIARIUM.
221 535 1994 660 Mit Jhrer Röm. Kaiserl. und Cathol. Majestät Freyheit.
15 626 2215 781 Zu finden in der Kaiserlichen Hof=Buchdruckerey / gegen dem Ho=
421 709 1795 815 Ball=Haus über / bey Johann Peter v. Ghelen.
416 829 702 911 Aus Asia.
179 889 935 973 Aleppo 6. December 1731.
162 951 1082 1048 MAn hat alter Zeitung von Baf=
162 1018 1083 1123 sora vom 4ten September / daß
162 1084 1083 1177 das Hollendische Ost=Jndische
40 1140 1083 1247 Schif / West=Frißland genannt / von
40 1219 1086 1308 Batavia nach Gemron / und Bassora
50 1283 1084 1377 gehend / von 5. Jndianischen Raub=
50 1353 1083 1440 Schiffen / und 10 kleinen Fahrzeugen
70 1415 1087 1506 angegriffen / jedoch nach einem drey=
59 1480 1087 1572 tägigen Gefechte zu Cochin glüklich ein=
66 1548 1087 1631 gelauffen wäre: die Holländer hätten
106 1612 1088 1697 in diesem Gefechte nur 3. Todten / und
87 1669 1091 1760 15. Verwundte bkommen; dahinge=
96 1733 1091 1824 gen die Räuber / welche Cangrim Gria
62 1800 1091 1899 genannt werden / bey dem Entern mehr
71 1862 754 1958 als 200. Mann eingebüsset.
250 1933 781 2017 Aus Spanien.
243 1997 881 2093 Sevilien 6. Januarii.
109 2059 1088 2158 Am abgewichenen Montag ware der
91 2129 1086 2226 Groß Britannische Minister Herr Kee=
91 2191 1084 2295 ne mit dem ersten Staats=Secretario
100 2260 1084 2355 Marquis de la Pa in Conferenz, so
81 2323 1081 2421 hat auch der Hollendische Minister Hr.
80 2395 1086 2491 Van der Meer mit dem Staats=Secre-
71 2453 1084 2550 tario Hrn. Patinho eine Conferenz ge=
76 2525 1084 2615 halten / in welcher dieser Minister ihme
76 2591 1083 2680 Hrn. Patinho Klagen eingebracht we=
81 2656 1081 2748 gen deme / daß die in denen Spanischen
116 2721 1083 2813 Hafen seßhafte Holländische Kauf=leute
125 2790 1083 2878 in ihrer Handlung wieder die errichtete
83 2853 1089 2941 Tractaten zerstöhret würden; worauf
82 2912 1081 3010 derselbe erwehntem Minister die Versi=
91 2986 1081 3100 cherung gethan / daß solche Befehle ge=
1133 824 2199 911 stellet werden solten / daß künftighin
1133 887 2203 975 die Holländische Negotianten keine Ur=
1132 956 2075 1041 sach mehr zu klagen haben werden.
1473 1020 1869 1107 Aus Jtalien.
1319 1086 2003 1174 Livorno 25. Januarii.
1190 1146 2199 1235 Alhier ist ein Schif von Tunis ein=
1136 1213 2203 1305 geloffen / und hat sich der darauf be=
1136 1280 2205 1374 findliche / und von dem Bey abgeschik=
1135 1341 2205 1436 te Tunesiner alsobald nacher Florentz
1140 1404 2200 1501 verfüget. Jhre Königl. Hoheit der In-
1143 1469 2208 1560 fant Don Carlos seynd nunmehro völlig
1146 1538 2205 1641 ausser aller Gefahr von denen gehabten
1147 1609 1636 1690 Kindes=Blattern.
1394 1665 1964 1756 Rom 26. Januarii.
1202 1724 2206 1822 Dienstag befanden Sich Jhre Heilig=
1146 1793 2206 1889 keit von dem Podagra wieder gebessert /
1145 1858 2211 1952 und speiseten dannenhero zum ersten mal
1145 1931 2210 2029 wieder an der Tafel. Mittwoch erthei=
1146 1991 2209 2090 leten Selbe Dero Staats=Ministeren
1145 2060 2207 2153 Audientz. Donnerstags wohnete Jhre
1145 2124 2211 2222 Heiligkeit der gewöhnlichen Congrega-
1142 2190 2211 2279 tion des Heil. Officii bey. Aus Spa=
1141 2255 2210 2347 nien ist der Befehl eingeloffen / alle hier
1138 2323 2207 2415 befindliche Spanier aufzuzeichnen / oh=
1136 2392 2207 2487 ne daß man erfahren kan / aus was
1137 2454 1765 2561 Ursach solches geschehe.
1346 2512 2014 2609 Florentz 26. Januarii.
1192 2577 2208 2674 Montag ertheilete unser Groß=Her=
1137 2651 2204 2743 tzog dem Staats=Secretari, wie auch
1135 2720 2204 2808 einem angelangten Tunesiner / welcher
1134 2780 2207 2877 Seiner/ Königl. Hoheit im Namen des
1130 2855 1556 2947 Bey sehr grosse Geschenknussen verehr=
1130 2918 1504 3008 te / Audientz.
1187 2992 1614 3077 )(
1614 2980 2205 3078 Mei=
