2383 3311
187 122 1248 233 Obristen des Regiments von Champa-
189 201 1245 304 gne alle seltene Manuscripten / oder ge=
184 270 1244 360 schriebene Bücher / welche noch von die=
179 335 1243 429 ses letztern Herrn Vatter dem berühm=
176 398 1240 494 ten Staats=Ministro Marquis de Lou-
179 467 1240 556 vois herkommen / um 300. tausend Liv=
180 530 1239 629 res erkauffet / und seynd dieselbe hier=
175 590 1239 693 auf in die Königl. Bibliothec gebracht
176 663 1235 755 worden. Ein junger Bauren Kerl von
178 726 1240 819 Coutras, einer dem Hertzogen von Ri-
175 794 1235 890 schelieu gehörigen Herrschaft / ist / wei=
175 860 1235 953 len er eine Mahl=Mühle samt dem dar=
175 924 1232 1019 auf gewesten Getreid / und Mehl ver=
175 993 1232 1085 giftet / lebendig geräderet worden. Ver=
174 1060 1232 1151 wichenen Montag Abends / seynd we=
174 1128 1228 1222 gen des damalen eingefallenen dicken
168 1189 1228 1286 Nebels in hiesiger Stadt und umligen=
172 1256 1228 1354 den Orten verschiedene unglükliche Zu=
168 1323 1228 1420 fälle bescheben: dieser Nebel ware so
168 1386 1228 1483 dick / und finster / daß man seines glei=
171 1452 1228 1548 chen bey Menschen=Gedächtnuß in alhie=
167 1515 1226 1607 siger Stadt nicht gesehen hat; unter an=
166 1582 1222 1671 derem ist eine Kutsche nahe bey St. An=
164 1646 1223 1734 toni Pforten / in den Stadt=Graben
167 1712 1224 1803 gefallen / worbey der Kutscher / und die
164 1773 1219 1873 zwey Pferde das Leben gelassen / und
167 1840 1224 1934 die Person / so in in der Kutsche gewest /
166 1905 1226 1995 beede Schenckel zerbrochen. Eine an=
167 1969 1227 2061 dere dergleichen Kutsche / worinnen ei=
167 2034 1224 2128 ne Heb= und Säugamme mit einem Kind
171 2101 1223 2199 von St. Pauls Pfarr=Kirchen / alwo
168 2168 1224 2260 es die Heil. Tauf empfangen / zuruk na=
167 2237 1223 2325 cher Haus fahren wollen / ist an dem
167 2296 1223 2391 Strand von der Pfarr=Kirche dieses
164 2366 1223 2463 Namens in den Seyne=Fluß ohnglük=
163 2430 1219 2525 lich gefahren / alle in der Kutsche gewe=
164 2500 1219 2592 ste Personen / und die Pferde haben
166 2560 1223 2659 elendiglich ertrinken müssen / der Kutscher
167 2631 1220 2723 aber hat sich noch mit Schwimmen ge=
164 2692 1218 2794 rettet. Den 18den Dieses ist der Hr.
163 2763 1218 2854 d'Auvray des Königs Secretarius, und
164 2830 1219 2925 dessen geheimer Rahts=Schreiber / und
163 2894 1219 3021 Hr. du Cheuvrion Groß=Prevost der
1301 136 2378 275 Constabley den 14den vorhero plözlich
1293 217 1565 306 gestorben.
1510 310 1835 408 Paris 28. Januarii.
1358 376 2364 477 Gestern haben die Verordnete derer
1292 428 2364 542 Land=Ständen von Bretagne / die Ab=
1292 513 2357 612 handlung ihrer jüngsten Versammelung
1289 582 2353 676 Jhrer Majest. schriftlich übergeben / und
1289 645 2361 742 worbey der Bischof von Laon das Wort
1288 712 2360 811 geführet. Des Königs Leutenantschaft
1287 776 2356 876 zu Cisteron ist dem Obristen Leutenant
1289 843 2349 958 des Dragoner=Regiments von Son
1283 913 1745 1015 gegeben worden.
1553 1004 2089 1098 Aus Niederland.
1532 1081 2106 1169 Haag 1. Februarii.
1348 1133 2328 1232 Die Herren General=Staaten haben
1283 1203 2339 1301 den Herrn Carl Ludwig Baron von Was=
1283 1267 2335 1361 senaar / Brigadier / und Obristen eines
1282 1335 2308 1432 Regiments Dragoner / und Commen-
1278 1405 2321 1498 danten zu Jpern / zum Commendan-
1279 1463 2288 1562 ten von Steffenswerth / anstat des
1278 1531 2289 1621 verstorbenen Obrist=Leutenants Ardes
1276 1597 2271 1682 ernannt: ingleichen haben Jhre Hoch
1279 1656 2302 1754 Mögende den Printzen von Hessen=Phi=
1279 1724 2309 1816 lipsdahl / Obristen eines Regiments
1276 1784 2305 1884 zu Pferde / anstatt des Hrn. Brigadiers
1279 1850 2306 1944 von Wassenaar zum Commandanten
1276 1919 2305 2008 von Jpern angestellet. Nachdeme der
1278 1982 2318 2083 hiesige Frantzösische Bottschafter / Mar-
1279 2051 2295 2141 quis de Fenelon, wegen Verbietung
1276 2109 2266 2202 derer Memoires des Abts Mongon, bey
1275 2176 2272 2274 denen General=Staaten ohnlängst im
1271 2245 2293 2336 Namen seines Königs angesucht / als
1275 2309 2282 2407 haben Jhre Hoch=Mögende denen sämt=
1270 2379 2285 2471 lichen Buch=händlern in diesen Landen
1274 2439 2283 2534 bey Straffe verbotten / diese Schriften
1272 2511 2271 2604 des gedachten Abts / keine einzige da=
1270 2580 2266 2673 von ausgenommen / zu verkaufen / oder
1272 2643 2291 2738 auszugeben. Aus Sevilien vernihmet
1269 2705 2289 2798 man / daß an dasigem Hofe die Con-
1272 2772 2283 2864 ferentzien / so wol mit dem Frantzösischen
1269 2840 2286 2934 als Engländischen Ministern fleissig fort
1269 2903 2278 3015 gesetzet würden / und so viel man eus
2215 3026 2282 3065 ser
