2339 3316
0 129 2177 304 Anno 1732. (Anhang zu Num. 13.) 13. Februarii.
296 333 811 430 Ans Teutschland.
181 454 927 544 Berlin / den 4. Februarii.
34 526 1075 625 DEn 27. Jan. seynd Se. Hochgräfl. Exc der Hr.
35 580 1083 671 Graf Carl Gustav von Löwenwolde / Jhrer
31 650 1080 725 Russ. Majest. General=Leutenant / und Obri=
34 702 1080 783 ster über das Jsmailovische Leib=Guarde Regi=
36 758 1081 839 ment / welcher vor etwa 3. Monaten als Russi=
35 812 1080 892 scher Minister hiedurch nach dem Wienerischen
38 874 1080 963 Hof gegangen / von dannen allhier zuruck ge=
38 932 245 1023 kommen.
97 982 1081 1076 Seine Königl. Majest. in Preussen / unser al=
41 1057 1081 1141 lergnädigster Herr / haben vor einigen Tagen
43 1111 1085 1187 den Commissarium Göbel / von hier abge=
43 1164 1084 1246 schicket / um eine grosse Anzahl ausgezogener
45 1220 1083 1320 Saltzburger zu übernehmen / und nach Dero
45 1277 441 1358 Landen zu führen.
49 1391 1085 1479 Man siehet hier folgendes Königl. Edict, daß
97 1453 1088 1532 die Dienst=Mägde / und gantz gemeinen
96 1502 1085 1604 Weibs=Leute keine seidene Röcke / Camisöler /
99 1561 778 1654 und Lätze ferner tragen sollen.
163 1626 1093 1716 WJr Friedrich Wilhelm / von GOttes Gna=
189 1690 1090 1774 den / König in Preussen / u.a.m, Thun
57 1748 1085 1807 kund und fügen hiemit zu wissen: Nachdem
-7 1792 1090 1873 Wir mißfällig angemerket / daß die Dienst=
-7 1850 1088 1931 Mägde / und gantz gemeinen Weibes=Leute /
68 1899 1088 1987 es seyn Christen / oder Juden / sowohl in denen
99 1964 1090 2041 Städten / als auch auf dem platten Lande /
84 2019 1094 2102 seidene Camisöler / Röcke / und Lätze / gar häu=
83 2075 1088 2159 fig tragen / solches aber nicht allein dem De-
84 2127 1089 2207 bit der dem gantzen Lande so sehr ersprießli=
94 2184 1088 2261 chen Woll=Manufacturen hinderlich; sondern
84 2235 1088 2321 auch denen vorher bereits ergangenen Verord=
84 2292 1090 2378 nungen / nach welchen sich ein jeder seinem
102 2346 1092 2433 Stande gemäs kleiden / und solches nicht über=
117 2399 1090 2487 schreiten soll / entgegen ist / überdem auch öf=
91 2459 1093 2539 ters daher zu allerhand Unordnungen / und
98 2508 1093 2590 wohl gar zu sündlichem Leben Gelegenheit ent=
88 2569 1090 2649 stehet / indeme vielleicht manche Dienst=Magd /
91 2623 1093 2703 ud gantz gemeine Weibes=Person / wann sie
109 2677 1092 2764 von ihrem Lohn zu Anschaffung deren seidenen
91 2734 1093 2812 Camisöler / Röcke / und Lätze / das Erforderte
98 2791 1093 2878 nicht erübrigen kan / durch unrechtmässige und
111 2840 1094 2927 unerlaubte Mittel solches zu erlangen suchet:
102 2900 1094 2982 also Wir der Nohtdurft zu seyn erachtet / sol=
98 2955 1094 3064 chem Unwesen durch dieses Edict zu steuren.
1133 326 2172 415 Wir setzen / ordnen / und wollen demnach hie=
1133 390 2173 466 mit / daß / nach Verlauf sechs Monate nach
1134 444 2173 524 Publication dieses Edicts / keine Dienst=Mäg=
1133 501 2176 577 de / und gemeine Weibes=Leute / es seyn Chri=
1134 556 2171 631 sten oder Juden / ferner seidene Camisöler / Rö=
1133 612 2175 688 cke / oder Lätze tragen / sondern / wofern sich /
1136 664 2173 748 nach Ablauf solcher gesetzten Zeit / dennoch
1137 725 2173 800 welche damit betreffen lassen würden / denen=
1136 778 2177 864 selben solche seidene Kleidung öffentlich auf
1137 830 2168 912 denen Strassen abgenommen werden sollen;
1134 886 2172 963 Als worüber jeden Orts Magistrat / und Ge=
1137 939 2172 1020 richts=Obrigkeit / mit gehörigem Ernst und
1136 995 2172 1072 Nachdruck ohne die geringste Connivenz und
1136 1053 2167 1133 Nachsicht zu halten hat. Urkundlich unter Un=
1137 1107 2173 1188 serer höchst=eigenhändigen Unterschrift / und
1138 1157 2172 1244 beygedruktem Königl. Jnsiegel. Gegeben zu
1136 1217 1989 1303 Berlin / den 6ten November / 1731.
1274 1300 1565 1382 Fr. Wilhelm.
1138 1382 2174 1475 F. W. v. Grumkow. F. v. Görne. A. O. v. Viereck
1192 1450 1963 1557 F. M. v. Viebahn. F. W. v. Happe.
1451 1609 1874 1708 Aus Rußland.
1350 1690 1948 1794 Moscau 31. Decemb.
1142 1790 2174 1883 Alhier ist unlängst abermahl folgende Ukase
1192 1846 2174 1939 zu Handhabung des Rechts / und Gerechtig=
1193 1906 2145 2000 keit in denen Gerichten heraus gekommen.
1146 1981 2179 2082 WJr Anna von GOttes Gnaden / Selbst=
1151 2041 2178 2125 Herrscherin von gantz Rußland / rc. rc.
1142 2095 2172 2180 Nachdemmahlen der bey Uns von GOtt an=
1142 2153 2178 2232 vertrauten unumschrenkten Beherrschung des
1141 2199 2176 2291 Russischen Reichs / nebst anderen zum Nutzen
1140 2261 2179 2346 des Reichs ergangenen Verordnungen auch im
1142 2314 2179 2404 verflossenen 1730sten Jahr den 12ten Junii
1138 2372 2179 2454 durch Unsere gedrukte Ukase zu jedermanns
1140 2428 2178 2511 Wissen publiciret worden / daß in Unserem
1140 2482 2179 2566 gantzen Reiche in denen Ober= und Unter=Ge=
1138 2536 2174 2621 richten durchgehends gleiches Recht / und Ge=
1140 2594 2178 2677 rechtigkeit gehandhabet werden solle / ohne
1140 2646 2179 2733 die Person deren Grossen und Mächtigen an=
1137 2702 2179 2791 zusehen / wie auch ohne die GOtt misfällige
1137 2762 2175 2843 Heucheley / und Bosheit / und den der Wahr=
1141 2817 2175 2902 heit zuwider lauffenden verfluchten Eigennutz /
1138 2871 2175 2957 so wie schon Unsere hochlöchl. Vorfahren bey
1141 2924 2172 3010 Wahrnehmung der in denen Gerichten im
1142 2980 2172 3081 Schwange gehenden Ungerechtigkeiten / zu
2022 3052 2173 3141 Hand=
