2478 3287
203 136 1275 248 Handhabung des Rechts / bey hoher Straffe
207 199 1276 305 viele Ukasen ergehen zu lassen / und solchen
207 248 1272 359 nachzukommen eifrigst anzubefehlen geruhet.
207 306 1276 412 Weil nun das Wohlseyn eines Reichs in der
207 364 1279 468 Gerechtigkeit bestehet / wo aber selbige nicht
209 413 1279 527 vorhanden / GOttes Gnade / und Segen
208 465 1277 576 auch nicht zu finden ist / sondern man in
211 526 1283 633 dessen gerechten Zorn fallen mu; als be=
208 583 1280 692 fehlen Wir denen verordneten Ober= und Un=
212 640 1277 746 ter=Gerichten in Unserem gantzen Reiche
213 693 1281 803 durch oben=erwehnte Ukase auf das krftig=
212 747 1280 853 ste da sie die Rechts=Sachen in denen Ge=
212 798 1280 910 richten nach ihrem reinen Gewissen / und
215 852 1271 961 vermge des von ihnen geleisteten Eides /
216 913 1277 1022 richten / ohne die Mchtigen / und Grossen
216 970 1279 1080 anzusehen / und da sie den Unterdrkten
216 1020 1277 1133 von der Hand deren Ungerechten befreyen /
215 1081 1276 1185 wofr dergleichen die Gerechtigkeit / und
216 1130 1277 1239 Wahrheit liebenden Richter von GOtt selbst
216 1190 1275 1296 die Belohnung unvermerket erhalten werden /
219 1239 1275 1350 von Uns aber einer gndigen Vergeltung
217 1300 1276 1407 versicheret seyn knnen; dahingegen die jeni=
326 1358 1276 1456 gen Richter / welche in denen ihnen anver=
219 1403 1275 1517 trauten Gerichten sich ungerecht auffhren /
220 1460 1275 1569 und die Rechts=Sachen nicht der Gerechtig=
220 1509 1276 1624 keit gem richten / sondern auch selbige /
220 1570 1276 1684 wegen ihres Geitzes / und Unersttlichkeit /
223 1627 1275 1733 verzgeren / oder aus Liebe / Forcht / und
223 1676 1273 1789 Rache gegen jemand das Recht beugen / sol=
223 1730 1273 1843 ches nicht nur vor dem knftigen strengen
225 1787 1275 1897 Gerichte GOttes / welchem sie / wegen ih=
224 1843 1273 1954 res gebrochenen Eides / nicht entgehen wer=
225 1896 1276 2007 den / zu verantworten haben / sondern auch
228 1953 1276 2060 wann selbige hierinn berfhret / oder die
229 2003 1275 2117 vorgesetzten Ober=Commandeurs solches ge=
228 2055 1273 2169 wahr werden / nach denen Gesetzen / und
228 2112 1275 2226 Verordnungen Unseres Reichs / ohne alles
225 2165 1273 2278 Verschonen / wes Standes / oder Wrden
229 2222 1272 2337 dieselben auch seyn mgen / gestraffet werden
232 2279 1279 2393 sollen. Demnach Wir dann aus gerechtem Ei=
315 2335 1275 2437 fer fr das Gttliche Gestz / und aus GOtt=
232 2393 1273 2504 geflliger Vorsorge fr Unsere getreue Unter=
232 2450 1275 2559 thanen verlangen / da nach vorhin gemel=
236 2503 1273 2614 deten Ukasen allen und jedem gleiche Gerech=
236 2560 1273 2671 tigkeit unvernderet / und ohne Verzug wie=
236 2610 1272 2723 derfahre / als haben Wir / auf Veranlassung
232 2665 1272 2783 Unseres Cabinets / fr gut befunden / aus
238 2727 1271 2838 allen hier befindlichen Ober= und Unter=Ge=
238 2781 1273 2894 richten / so wohl aus dem Senat / und Sy=
241 2839 1272 2944 nodo / als auch aus denen Collegiis, Pri=
240 2894 1268 3010 kasen / und Cantzeleyen / zu Unserer eigenen
1330 127 2424 245 allergndigsten Einsicht / ob nemlich auch de=
1330 193 2421 285 rer Supplicanten Sache ohne Verzug abge=
1332 254 2412 349 than werden / in Unser Cabinet monatlich
1332 307 2408 395 kurtze Rapporten einzuziehen. Dannen hero
1332 361 2409 451 Wir durch gegenwrtige Unsere allergndigste
1332 416 2405 501 Ukase nochmahls sowohl allen geistlichen /
1334 473 2405 568 als weltlichen Gerichten auf das nachdrk=
1334 520 2404 618 lichste befehlen / da alle in denen Gerichten si=
1334 582 2405 662 tzende Personen sich wohl frsehen / und in al=
1334 639 2403 723 len / so wohl Ober=als Unter=Gerichten / Recht
1335 688 2400 781 und Gerechtigkeit / nach der Ordnung / wie
1334 746 2398 831 solche vorhin gemeldete Ukase vorschreibet / ohne
1334 797 2397 890 alle Verzgerung zu handhaden. Zu mehrerer
1334 854 2397 946 Haltung darber auch alle Oberen auf ihre
1334 912 2396 999 Subalternen genau zu sehen / und selbige nach
1335 969 2394 1053 denen Ukasen / bey verbrechenden Fall / ohne
1334 1022 2394 1107 Verschonen / zu straffen haben / damit andere
1334 1074 2390 1163 Richter solches sehend / selbiges zu thun sich
1334 1134 2388 1220 nicht unterstehen / und dergleichen Sachen
1334 1186 2390 1273 deren Supplicanten / welche im Senat ab=
1331 1242 2386 1330 zuthun seynd / diesem gem / ohne einigen
1331 1297 2386 1380 Verzug / daselbst mgen abgethan werden.
1331 1354 2382 1438 Es ist dieserwegen auch in jeder Woche ein
1330 1405 2385 1496 Tag / nemlich der Dienstag / angesetzet
1331 1463 2385 1546 worden / an welchem in Unserem Senat ei=
1331 1512 2378 1596 nig / und allein dergleichen Sachen nach dem
1328 1567 2382 1649 Register ordentlich sollen vorgenommen / und
1328 1616 2378 1697 abgethan werden. Wrde nun dergleichen
1330 1671 2373 1751 Ungerechtigkeiten / und Verzgerungen in ei=
1327 1728 2371 1805 nigen Gerichten vorgehen / solches aber in denen
1330 1782 2373 1857 in Unser Cabinet eingegebenen Rapporten ent=
1327 1835 2370 1912 decket / so sollen sowol die Unter= als Ober=Gerich=
1326 1889 2370 1970 te fr diese Verbrechen nach denen Reichs=
1330 1946 2370 2027 Gesetzen / und Constitutionen ohne Verscho=
1328 2003 2369 2081 nen gestraffet werden. Weswegen nun da=
1326 2051 2370 2136 mit dieses Unser allergndigstes Verlangen /
1326 2113 2367 2188 und Befehl / wegen Handhabung der Ge=
1327 2167 2367 2247 rechtigkeit / allen bekannt seye / so solle sol=
1326 2221 2367 2298 ches in Unserem gantzen Reich publiciret /
1324 2278 2361 2354 und die Ukasen aus Unserem Senat an die
1327 2335 2359 2412 Gerichte abgeschicket werden. Nach der von
1324 2388 2361 2488 Jhrer Majestt eigenhntig unterschriebenen
1324 2444 1461 2516 Ukase.
1748 2550 1914 2668 (L.S.)
1323 2863 2334 2951 Wien / gedrukt und zu haben bey Joh. Peter v.
1463 2909 2205 3014 Ghelen / Kaiserl. Hof=Buchdruckern.
