1694 2233
752 12 843 51 253
219 59 636 114 Breslau 15. Martii.
121 105 772 160 Jn abgewichener Woche ist zu Treb=
78 150 774 202 nitz die Hochwürdige Hoch=Wolge=
79 192 774 247 borne in GOtt andächtige Frau So=
79 237 776 288 phia Anna geborne von Karoschinsky /
80 281 776 336 des Fürstlichen Gestifts / und Jung=
82 323 776 376 fräulichen Klosters zu Trebnitz regieren=
83 368 778 420 de Frau / und Abbtissin / wie auch der
82 409 780 463 Königlichen Burg= und Kutschelischen
85 455 781 508 Güter Pfandes=Jnhaberin / mit Tode
87 499 782 552 abgegangen / und daselbst beerdiget
86 549 235 587 worden.
119 584 752 639 Prag Haupt=Stadt in Böhmen
322 632 554 674 16. Martii.
133 674 785 727 Nachdeme gestern den 15. dieses mit=
89 718 786 769 telst eines von Wien nacher Dresden
91 761 787 814 schleunigst durch Prag abgegangenen
93 803 789 858 Curriers die vorläuffige Nachricht ein=
95 842 790 903 geloffen / daß Jhro Majest. unsere al=
94 891 791 943 lergnädigste Königin / und Erb=Frau
95 934 792 987 mit einem Ertz=Hertzogen allerglüklichst
95 978 791 1030 seye entbunden worden; so haben Se.
97 1020 793 1079 Fürstliche Gnaden der allhiesige Herr
98 1061 795 1117 Ertz=Bischof (welcher eben den Tag
99 1105 795 1158 eine Tafel des ersteren Adels bey sich
100 1152 798 1205 hatte / vor inniglichen Freuden auf diese
102 1194 798 1250 Nachricht sich nicht entbrechen können /
103 1238 799 1295 alsogleich mit häuffigen Nacht=Fackeln
105 1283 800 1338 dero gantze Residentz prächtig illumi=
106 1328 801 1380 niren zu lassen / wobey bis 10. Uhr
109 1371 802 1424 Nachts aus grossen Mörsern vor
109 1415 802 1471 gedachter Residenz auf dem Platz be=
111 1456 805 1519 ständig Salve gegeben / auch von Hoch=
112 1504 807 1558 obgedacht Sr. Fürstl. Gnaden unter
113 1547 805 1603 den häuffig zulauffenden Pöfel / zur
113 1592 807 1646 Bestättigung dieser grossen Freude et=
115 1637 808 1690 liche hundert Gulden zum Fenster eigen=
117 1680 809 1733 händig ausgeworffen worden / und wie
116 1723 809 1777 zumalen nun anheut mit einer eigenen
117 1768 813 1820 Staffete an Se Excell. Herrn Obrist=
118 1811 813 1863 Burggrafen die verläßliche Nachricht
118 1855 813 1908 dieser Allerhöchst=erfreulichen Nieder=
118 1899 813 1955 kunft angekommen; als hat sich also=
118 1944 813 1999 gleich bey Sr. Excell. der zeithero ein=
805 66 1509 119 gehaltene Feld=Trompeten=Schall zu
806 108 1510 163 ungemeiner Freude der gantzen Stadt
807 150 1512 206 hören lassen / und bey zu eben dieser
810 196 1513 250 Zeit gehaltener Tafel die höchste Ge=
810 237 1514 290 sundheit der Allergnädigsten / und
810 283 1518 339 neu gebornen jungen Herrschaft mit vie=
814 326 1517 379 len Frolocken getrunken worden / es wer=
814 371 1520 427 den auch alsogleich zu einem feyerli=
815 414 1521 467 chen Te Deum laudamus / um dem
815 456 1522 511 Allerhöchsten für diese Göttliche Gna=
816 502 1524 557 de des ertheilten künftigen Erb=Herrns
817 545 1525 600 die schuldigste Danksagung zu thun /
818 584 1526 642 imgleichen zu einem Aufzug der Gar=
818 632 1530 686 nison / und Burgerschaft / dan Jllu=
819 675 1529 728 minationen / nebst anderen Freuden=
821 718 1530 771 Festen / von Stund an / und auf das
822 762 1533 817 schleunigste die Veranstaltungen vor=
824 804 987 857 gekehret.
854 840 1495 898 St. Veit in Kärnten 16. Mart.
871 891 1533 947 Heut Nachts nach 12. Uhr ist die
828 935 1536 990 schon längst gewünschte höchst=erfreuli=
830 980 1537 1038 che Zeitung durch eine Staffetta aus
830 1022 1536 1077 Wien überbracht worden / daß Jhro
832 1067 1536 1121 Königl. Majest. unser Allergnädigste
833 1111 1538 1164 Landes=Fürstin / und Frau / mit einem
833 1153 1539 1208 von GOtt gesegneten Ertz=Hertzogen
835 1196 1542 1252 glüklich entbunden worden seye / wor=
837 1243 1542 1297 auf alsobald um 8. Uhr von denen hie=
837 1284 1542 1342 sigen PP. Franciscanern der Oesterrei=
838 1330 1543 1383 chischen Provintz / um GOtt höchsten
837 1368 1545 1426 Dank zu sagen / in ihrer Kloster=Kir=
840 1416 1545 1468 chen ein feyerliches Lob= und Dank=
841 1457 1548 1514 Amt mit ausgesetzten Hochwürdigsten
842 1503 1545 1557 Gut / und darauf folgenden Ambro=
841 1546 1549 1601 sianischen Lob=Gesang unter Paucken /
842 1589 1551 1645 und Trompeten feyerlichst begangen /
844 1632 1552 1690 bey welchen der alhiesige Löbl. einge=
844 1676 1552 1732 ladene Magistrat nicht allein erschienen /
845 1721 1552 1776 sondern ihre unterthänigste Devotion
844 1764 1553 1822 zu erweisen / alsobald auf dem sogenann=
846 1808 1553 1864 ten Loreto=Berg die Stuk / und Mör=
847 1853 1550 1909 ser aufführen / und unter währenden
847 1897 1554 1951 Te Deum laudamus beständig abschies=
848 1942 1553 1998 sen lassen; die Freude / und das bestän=
