1643 2196
829 0 916 26 254
140 39 728 91 dige Frolocken unter dem Volk könte
137 84 841 136 nicht grösser gewesen seyn / mit einhel=
137 122 841 181 ligen Wunsch / daß der Allmächtige
137 167 841 227 GOtt diesen Neu=geboren Ertz=Herr=
135 217 844 266 tzogen von Oesterreich / und Erben de=
134 257 759 310 ren Königreichen / und Ländern ein
135 300 681 356 langes Leben ertheilen möge.
269 347 702 397 Frankfurt 17. Martii.
177 388 842 441 Aus Mayntz ist die Nachricht ein=
134 429 837 488 gelauffen / daß der Königlich=Pohl=
132 471 842 531 nische und Chur=Sächsische Gesand=
132 519 838 570 te / der Herr von Bünau / daselbst
132 556 402 614 gestorben seye.
129 606 829 659 Von denen Schlesischen Gränzen
321 654 649 697 den 20. Martii.
177 693 833 746 Montag den 13. dieses seynd in
129 739 838 793 Bensch 500. unserige Husaren einge=
130 782 840 834 rucket / welche vorhero in Lopuick und
129 826 490 877 Tillendorf gelegen.
176 867 828 920 Aus Troppau / alwo die Feinde sehr
129 911 831 967 stark werden / seynd 6. bis 700. Mann
129 956 829 1011 ausmarschiret / und ihrer gegen 800.
127 1000 829 1052 noch daselbst / und dreyhundert in
127 1042 837 1091 der Ratiborer Vor=Stadt. Indessen.
128 1078 830 1146 lassen sie aus Troppau das Getreid
127 1128 705 1185 in grosser Menge nacher Ratibor füh=
127 1170 829 1225 ren / willens solches auf der Oder in
128 1213 782 1267 das Brandenburgische zu bringen.
174 1251 828 1310 Gleich jetzt vernimmt man / wie daß
123 1300 832 1357 gestern von unsern Husaren unweit
128 1343 829 1399 Creutzendorf 47. Granadiers theils
125 1384 825 1442 niedergehauen / und theils gefangen
125 1430 832 1486 worden; 3. von ihnen seynd doch ei=
121 1476 823 1527 lends davon und nacher Troppau ge=
125 1516 826 1576 ritten / wo sodann bey deren Ankunft
126 1563 824 1619 alsogleich 50. Preussische Husaren de=
125 1606 825 1661 nen vorige zu Hülf heraus geeilet;
126 1651 825 1703 weilen aber diese nicht wieder dahin
122 1692 824 1751 zuruk gekommen / so weiß man nicht /
126 1738 826 1792 ob sie auch denen unserigen in die
127 1780 824 1837 Hände gekommen / oder in Creutzen=
126 1822 826 1876 dorf verblieben / oder aber sich nacher
125 1868 824 1924 Jägerndorf gewendet. Und in diesem
122 1911 835 1970 Augenblik höret man / daß 1400. Mann
872 41 1558 95 Preussen wieder in Jägerndorf einge=
873 83 1112 140 rucket seynd.
916 128 1574 182 Das Städtlein Zuckmantel ist von
872 170 1577 225 denen Preussen bis auf die Kirch / und
873 216 1573 268 Pfarr=Haus / und ein paar andere
870 258 1574 311 Häuser bis auf den Grund abgebrannt
872 301 1572 354 worden: dergleichen Unglück hat auch
871 344 1572 397 verwichenen Donnerstag das Städt=
870 388 1558 443 lein Johannes=Thal durch 1500.
871 432 1386 484 Preussen ausstehen müssen.
915 476 1572 528 Unsere Husarn streiffen täglich um
868 520 1571 572 diese Gegend / und zwar bis auf Trop=
870 563 1571 613 pau an das Thor / und haben heute
870 606 1571 654 Nacht in der Ratiborer Vor=Stadt
868 650 1569 702 einen grossen Lermen durch Zerhauung
867 693 1569 744 derer Schlag=Bäume / und anderen
867 731 1572 789 machenden Tumult bey denen Preus=
868 779 1569 831 sen erwecket / also daß sie das Thor
866 824 1462 874 erst heute nach 8. Uhr eröfnet.
896 868 1539 922 Aus Ober=Schlesien 22. Martii.
907 911 1569 964 Als am 15. dieses Monats Martii
864 954 1568 1008 in der fruhe zu Freudenthal die siche=
863 998 1568 1050 re Nachricht von Wien eingeloffen /
862 1039 1568 1093 daß Jhre Königl. Majest. von Ungarn /
862 1084 1567 1137 und Böheim / unsere Allergnädigste Kö=
863 1127 1567 1180 nigin / mit einem Ertz=Hertzogen glük=
863 1170 1566 1226 lichst entbunden worden / wurde gleich
863 1213 1566 1271 hierauf die um dasige Stadt aufge=
862 1256 1566 1312 pflanzte Stuk 3=mal abgelöset; Tages
863 1298 1567 1356 hernach als Donnerstag ein Hoch=Amt
861 1345 1564 1397 nebst dem Te Deum laudamus feyer=
861 1388 1566 1447 lichst gehalten / wobey die Besatzung
861 1430 1564 1487 sich auf dem Kirch=Hof postiret / und
861 1478 1565 1529 unter wehrendem GOttes=Dienst 3=
861 1522 1563 1581 mal Salve gegeben / zugleich auch das
862 1563 1561 1617 grobe Geschütz abgefeuret worden.
861 1609 1561 1661 Samentliche anwesende Herren Kriegs=
859 1652 1563 1706 Officiers erschienen sodann bey der
859 1696 1562 1748 Mittags=Tafel im Schloß / da man
857 1739 1561 1790 unter dem Gesundheits trinken bey
858 1782 1562 1834 Trompeten= und Paucken=Schall die
858 1826 1562 1879 Stucke abermal gelöset / und diesen
856 1869 1560 1922 feyerlichen Actum gegen Abend be=
856 1914 1559 1967 schlossen hat. Es. hatte zwar der Ta=
