1663 2211
818 45 885 83 257

116 107 228 149 chesten
239 106 473 151 Angedenkens
488 109 566 146 über
583 117 638 144 ro.
649 106 745 150 Jahr
753 108 809 144 als

112 149 293 191 würklicher
304 150 513 189 Kämmerer/
536 153 623 187 dann
636 154 728 187 unter
737 153 808 187 dem

113 192 203 229 Löbl.
214 193 434 235 Caraffischen
444 192 809 237 Kürastier-Regiment

114 237 168 270 als
186 237 339 278 Dbrister
357 239 388 271 in
405 238 637 279 verschiedenen
647 234 806 281 Feld-Zü»

112 286 172 320 gen
195 288 207 315 /
229 280 295 318 und
329 280 526 322 Schlachten
551 290 563 319 /
611 280 691 323 ferne
719 285 804 317 treu-

115 319 327 365 ersprießliche
358 322 492 364 Dienste
523 325 669 367 bezeuget
696 331 709 359 /
744 325 804 360 als

112 363 217 405 habe»
257 367 310 408 ihn
341 368 434 408 Jhro
468 365 605 411 König!.
640 366 803 411 Majestät

110 415 143 443 in
167 407 323 451 mildester
343 408 516 454 Ansehung
531 413 622 447 deren
638 410 799 452 hierdurch

111 449 170 493 bey
191 453 261 487 dem
289 454 570 496 Allerdurchlgsteu
590 453 799 496 Ertz-Haus

113 490 169 538 sich
201 498 403 533 erworbenen
436 498 566 533 meriten
587 505 598 531 /
633 504 671 539 zu
703 497 797 534 Dero

111 536 296 577 «ürküchen
324 542 483 581 grherrnen
510 541 610 582 Raht
640 538 796 582 allergnä-

110 580 196 621 drgst
211 589 369 618 ernennet.

155 622 333 667 Mittwoch
348 633 361 662 /
385 626 439 660 als
464 627 524 660 den
551 627 646 662 22km
666 626 795 663 Martii

109 664 170 706 hat
184 665 239 706 sich
257 666 347 709 Jhro
357 666 630 712 Königs-Hoheit
645 672 699 705 der
708 668 793 712 Herr

108 706 247 753 Hertzog
266 720 330 746 von
352 710 565 754 Lothringen/
591 706 794 756 Groß-Her-

109 754 174 794 tzog
190 761 252 789 von
265 753 418 796 Toscana
438 754 521 796 samt
540 754 644 798 Ihrer
656 756 792 798 Durchs,

108 796 180 832 dem
197 795 305 839 Printz
319 797 404 836 Carl
416 798 565 842 gnädigst
580 798 716 834 belieben
731 798 791 840 last

108 836 243 878 fen/die
268 839 416 883 «hiesige
428 840 564 884 Königs
576 840 677 883 Freye
700 840 791 882 Host

107 884 281 915 ^«äernie
289 886 343 921 der
355 882 542 927 Mahlerey/
551 882 791 927 Bildhauerey/

106 927 173 960 und
184 924 391 965 Bau-Kunst
401 926 415 962 /
426 926 485 968 bey
496 929 606 962 aldort
620 923 711 969 schon
720 934 789 963 ver-

107 962 254 1005 samleteu
271 969 368 1004 vielen
386 969 488 1012 hol-en
510 969 672 1008 Standes
684 981 694 1003 -
706 969 788 1013 Per-

107 1007 222 1049 fönen/
238 1011 297 1047 mit
313 1011 405 1049 Dero
419 1013 523 1055 hohen
533 1012 735 1054 Gegenwart
749 1022 788 1055 zu

105 1051 236 1093 beehren
244 1062 256 1090 /
270 1056 336 1088 und
345 1057 395 1091 die
407 1056 593 1098 verfertigte
604 1055 728 1093 Stücke
737 1059 788 1092 de¬

104 1102 178 1131 ren/
198 1095 231 1137 so
248 1104 303 1134 um
321 1098 369 1134 die
384 1106 449 1134 von
461 1099 562 1136 We»s
578 1098 671 1140 Jhro
682 1098 786 1137 Röm.

104 1135 243 1180 Karserl.
276 1140 411 1185 Königs
442 1141 582 1184 Cathol.
624 1142 787 1185 Majestät

105 1180 364 1227 chorwürdigster
372 1183 588 1227 Gedächtnuß
606 1184 788 1229 aufgesetzte

106 1224 218 1266 Preise
241 1228 369 1265 cercirct
395 1227 520 1272 habe»/
545 1237 605 1266 wre
622 1232 700 1270 auch
727 1230 787 1266 alle

105 1271 219 1305 andere
243 1271 362 1308 Arbeit
387 1276 479 1311 deren
506 1275 585 1309 alda
610 1273 787 1316 beßtssenen

104 1312 123 1341 8
125 1312 275 1350 ckol»ren
304 1323 381 1351 voi»
399 1315 495 1355 ersten
521 1317 576 1352 bis
593 1323 664 1359 zun,
684 1318 787 1359 letzten

105 1355 139 1388 in
177 1355 280 1399 hohen
311 1357 529 1403 Augenschein
563 1368 600 1402 zu
632 1362 786 1403 nehmen:

105 1396 248 1441 Darauf
261 1401 337 1437 aber
360 1406 434 1439 der/
459 1403 616 1438 Namens
633 1404 693 1438 des
714 1402 786 1443 Kö¬

104 1439 182 1482 nigs
204 1443 577 1490 Acaäemie-vireÄors
591 1443 699 1490 Herrn
717 1447 786 1487 Ja¬

105 1484 161 1518 cob
177 1493 244 1522 van
255 1488 519 1533 Schüppen/von
532 1492 602 1524 dem
616 1490 789 1522 Academie

104 1525 300 1568 Secretario
314 1533 566 1576 HerrnLeopold
574 1530 787 1573 AdamWast

103 1568 221 1617 ftrberg
230 1575 616 1618 gehaltenenLob-Rede;
633 1578 698 1611 und
708 1575 786 1615 nach

104 1610 198 1650 selber
232 1622 286 1654 der
309 1627 375 1655 von
399 1618 493 1662 Jhro
524 1620 642 1662 Excel!.
680 1617 787 1660 Herrn

106 1654 296 1699 Gundacker
305 1666 365 1699 des
382 1661 429 1704 H.
441 1661 544 1699 Röm.
558 1659 681 1701 Reichs
697 1661 788 1698 Gra¬

106 1696 156 1736 fen
179 1710 243 1738 von
274 1707 400 1747 Akchan
422 1704 525 1740 Weil.
551 1705 656 1746 Ihrer
682 1703 786 1740 Röm.

104 1740 241 1783 Kaisers
254 1746 416 1789 Majestät
427 1744 574 1786 würkirch
591 1746 789 1787 Geheimen-

105 1786 169 1818 und
189 1785 551 1831 Hof-Kriegs-Raht/
567 1789 705 1826 Rittern
725 1792 788 1825 des

105 1826 273 1868 Goldenen
283 1834 435 1872 Vlreies,
457 1832 767 1876 Feld-Marfchallen
778 1842 790 1872 /

104 1870 248 1914 General
264 1877 532 1914 Bau-vireLtorn
541 1884 551 1912 /
573 1879 639 1912 und
658 1880 788 1920 gedach¬

103 1916 150 1950 te
168 1920 340 1954 Acaäeime
365 1921 570 1956 ProrectoHJ/
600 1921 664 1956 UNd
678 1921 789 1957 Obers

105 1954 300 2001 Änfpectorn
310 1972 349 2003 rc.
375 1965 530 2005 Namens
548 1963 639 2006 Jhro
653 1962 788 2010 Königs

857 105 1022 151 Majestät
1047 106 1258 152 verrichteten
1283 106 1390 152 Preis
1401 117 1411 141 -
1422 106 1553 150 Erthei-

858 151 936 195 lung
949 151 1196 196 beyzuwohnen.
1244 151 1316 191 Wo
1331 151 1365 187 in
1382 151 1436 189 der
1444 150 1550 192 Mah¬

855 195 940 238 lerey
961 197 1023 232 den
1044 195 1143 237 erst«
1159 195 1266 239 Preis
1289 194 1434 237 erhalten
1459 192 1549 238 Herr

857 237 973 282 Georg
1004 236 1125 281 Gläser
1150 239 1217 278 von
1235 236 1354 283 Mors
1376 236 1547 283 gebürtig:

852 281 917 316 den
943 282 1101 319 änderten
1126 281 1189 326 Hr.
1216 282 1328 320 Andre
1345 280 1472 319 Müller
1497 289 1547 317 er«

853 324 1028 362 Wienner.
1072 325 1129 367 In
1151 328 1206 363 der
1225 324 1457 369 Bildhauerey
1485 326 1548 361 den

853 367 950 409 ersten
963 368 1027 412 Hr.
1041 367 1196 408 Gottlieb
1213 368 1336 408 Weber
1350 376 1416 405 von
1432 362 1547 407 Altem

851 412 960 451 dura:
984 415 1043 449 den
1067 414 1222 451 änderten
1249 413 1324 450 eben
1344 411 1406 454 Hr.
1424 412 1544 456 Georg

852 454 984 497 Glaser.
1046 454 1102 497 In
1120 460 1176 492 der
1192 457 1398 492 Archiceäur
1417 461 1476 493 den
1500 465 1547 493 er¬

849 498 915 538 sten
925 498 989 543 Hr.
1002 499 1148 541 Johaun
1159 499 1354 542 Steinbrrch
1364 500 1414 538 ein
1423 499 1546 538 Main-

848 544 928 585 tzer:
944 547 1002 578 den
1025 545 1178 581 änderten
1196 542 1260 586 Hr.
1280 543 1401 588 Ignatz
1433 543 1542 587 Haast

846 585 897 621 ein
919 584 1049 628 Böhm.
1116 588 1191 625 Und
1219 588 1338 628 endlich
1360 595 1426 624 von
1442 589 1543 624 denen

846 631 915 665 aus
925 631 979 666 der
994 629 1177 677 Zeichnung
1190 632 1327 680 zugleich
1343 632 1544 676 ausgetheil¬

844 674 899 709 ten
919 673 1079 710 minderen
1107 672 1243 719 Preisen
1264 676 1326 712 den
1349 674 1448 717 ersten
1477 674 1540 719 Hr.

845 715 974 759 Joseph
985 714 1213 759 Mülldorfer:
1228 719 1288 756 den
1302 720 1457 757 änderten
1468 721 1542 757 wie¬

842 760 955 796 derum
968 759 1032 803 Hr.
1051 760 1169 805 Georg
1178 760 1313 803 Gläser.
1359 761 1429 801 Die
1443 761 1541 807 Prei¬

841 799 872 843 se
906 802 1076 843 bestunden
1107 804 1350 848 durchgehend-
1376 807 1410 841 in
1439 807 1537 841 denen

842 843 1076 887 gewöhnlichen
1098 849 1282 890 gold,und
1308 847 1462 890 fiibernen
1498 849 1541 884 ei¬

842 889 923 930 gens
940 891 1040 925 darru
1064 888 1240 934 geprägten
1257 888 1540 934 Denk-Müntzm

842 931 935 972 Jhro
957 928 1094 976 König!.
1110 931 1240 978 Hoheit
1263 936 1430 982 bezeugten
1452 934 1538 978 nicht

841 974 937 1010 allein
958 974 1037 1012 über
1061 977 1144 1012 alles
1160 985 1211 1016 e«
1227 977 1419 1023 gnädigstes
1438 978 1537 1016 Wol-

841 1015 1001 1061 gefallen;
1024 1017 1156 1061 sondern
1182 1022 1327 1063 machten
1347 1022 1426 1063 auch
1440 1020 1538 1060 durch

840 1063 934 1099 Dero
953 1062 1050 1099 denen
1068 1063 1241 1099 Sckoluren
1266 1065 1345 1105 nach
1360 1060 1539 1106 Verdienst

841 1104 1208 1148 ausgesprochrutsLdb
1223 1107 1425 1150 drnenselben
1433 1116 1535 1144 neuen

842 1147 927 1184 Mur
942 1157 954 1185 /
974 1149 1008 1184 in
1022 1151 1118 1186 denen
1133 1149 1277 1192 Künsten
1295 1151 1405 1188 imlner
1421 1150 1536 1195 grösse¬

839 1198 895 1226 ren
908 1191 1083 1238 Fortgang
1105 1191 1141 1237 zu
1164 1191 1309 1238 schaffen.

871 1248 930 1274 MB.
950 1246 1009 1280 SSsp
1030 1252 1087 1277 dem
1106 1247 1235 1283 Verte«er
1265 1250 1313 1278 de«

840 1285 944 1316 vi,r'ii,
954 1284 1076 1319 Johaun
1089 1286 1168 1319 Peter
1186 1285 1329 1320 d.SheUa
1345 1286 1376 1320 ist
1388 1292 1419 1321 ju
1439 1287 1544 1320 haben:

877 1320 934 1352 Die
947 1320 1046 1357 vSiiige
1067 1322 1267 1358 Brschreibu»,
1280 1326 1298 1350 d
1315 1331 1364 1352 rru
1384 1326 1412 1352 in
1428 1325 1470 1351 der
1483 1321 1538 1353 Kö¬

839 1359 970 1392 nigliche»
983 1359 1065 1393 Burg
1082 1360 1198 1392 tnWiev
1215 1362 1264 1387 de»
1280 1360 1324 1393 i;.
1335 1360 1436 1388 Mutn
1450 1366 1536 1394 174a.

837 1395 963 1430 prächtig
978 1396 1158 1426 voitbrach!«»
1173 1396 1252 1429 Tauf
1261 1396 1269 1425 ,
1282 1396 1460 1425 Ceremonien
1484 1398 1536 1426 de«

838 1435 1061 1466 »eu.g.bvrun,
1079 1432 1255 1467 Durchigsten
1273 1432 1395 1467 Löargsj
1406 1432 1533 1468 Priutzen

838 1472 871 1501 in
887 1468 1028 1503 Hnogarn
1045 1473 1100 1497 und
1110 1470 1230 1504 Böhiun
1264 1469 1481 1505 Ertz-Herhogeu
1502 1479 1532 1504 zu

838 1504 998 1540 Oesterreich
1013 1507 1155 1537 JOSEPHi
1176 1508 1381 1536 BSNEOJüTI,
1393 1506 1447 1533 &c.
1461 1507 1532 1540 Dg«

837 1539 983 1575 Exemplar
1002 1542 1017 1577 i
1029 1550 1059 1577 7.
1077 1543 1102 1575 kr
1445 1567 1452 1579 ,

838 1597 941 1638 Lista
956 1600 1057 1633 deren
1069 1600 1311 1642 verstorbenen
1334 1608 1373 1638 zu
1395 1601 1506 1636 Wien
1514 1610 1529 1642 /

994 1645 1027 1673 in
1036 1654 1045 1673 t
1060 1651 1117 1675 und
1137 1653 1192 1675 vor
1204 1650 1251 1674 der
1266 1646 1370 1674 Seavr.
1469 1671 1480 1683 ,

1015 1682 1094 1716 Den
1117 1692 1173 1715 22.
1196 1681 1347 1714 ttlarrii.

1057 1724 1103 1757 Je»
1117 1727 1167 1752 der
1183 1723 1279 1752 Sindt

836 1757 911 1790 Dem
926 1757 1021 1792 Malb.
1030 1759 1160 1789 Maure.'/
1172 1758 1306 1794 Durgeri.
1316 1760 1437 1790 Wirten-
1452 1762 1465 1794 s
1480 1762 1527 1794 W.

874 1796 1050 1827 AonaClara
1076 1804 1102 1824 in
1117 1798 1127 1830 i
1147 1794 1176 1831 H
1202 1803 1246 1825 am
1258 1795 1328 1833 Hof,
1345 1799 1437 1838 alr^s
1455 1800 1490 1838 I.

1054 1835 1118 1864 V«
1132 1838 1180 1863 d«
1200 1833 1299 1864 Stad»

836 1869 909 1901 Dem
921 1869 988 1902 Hin.
998 1871 1098 1905 toreutz
1107 1869 1234 1900 Schmid,
1255 1871 1371 1909 Königi.
1381 1874 1455 1906 Gold
1471 1879 1527 1906 und

824 1927 837 1936 .
871 1907 969 1936 Eilder
984 1908 1138 1943 Vratzva«
1154 1905 1528 1943 Derwatterp/ludelGvi»,

866 1938 1505 1987 Schaiderey / s. Ehew. Barbara / alt 56. J.
834 1975 1530 2024 Carl Auer / gewest Hof-befreyter Handels=M.
