1690 2228
824 27 901 70 535
102 88 1544 160 Anno 1741. (Num. 50.) 24. Junii.
644 203 1038 288 Wienerisches
447 319 1191 421 DIARIUM.
398 430 1251 486 Mit Jhrer Königlichen Majestät Freyheit.
96 487 1540 569 Jn dem neuen Michaeler=Haus / bey Joh. Peter v. Ghelen.
296 604 604 651 Aus Spanien.
277 649 644 694 Madrid 22. May.
221 689 800 742 DEr König verspürete den 17den
243 732 800 785 dieses einen Frost / welcher ihn
240 775 800 828 in das Beht beförderte / und
104 817 800 872 Tags hernach folgte ein Anstoß von
103 864 801 917 einem 3=tägigen Fieber / welches zwey
104 906 803 956 Tag nacheinander anhielte; da aber
105 946 803 1002 alsdann Jhre Majestät sich eines Pur=
104 990 803 1041 gatio=Mittels bedienet / ist das Fie=
104 1036 804 1088 ber ausgebliben / gleichwol aber hat
104 1079 803 1130 Jhrer Majestät erster Leib=Medicus zu
104 1122 804 1175 Verhütung / daß es sich nicht wieder
105 1165 805 1218 einstelle / gut befunden / Jhro für eini=
105 1210 806 1263 ge Tag lang den Gebrauch der Quin=
106 1256 443 1306 quina anzurahten.
148 1297 806 1348 Den 20sten dieses ist der erwartete
108 1338 806 1393 Frantzösische Botschafter Bischof von
109 1383 807 1437 Rennes alhier eingetroffen; er hat an
109 1426 807 1482 gestrigen Pfingst=Fest in der Cappelle
109 1471 808 1525 seines Pallastes das Hoch=Amt ver=
107 1515 808 1568 richtet / und ist heut gegen Mittag an
109 1556 809 1612 den Hof abgereiset. Es beschehen seit
109 1600 809 1657 einiger Zeit in dem Finantz=Wesen
113 1645 809 1698 viele Veränderungen. Der Ms. Camillo
109 1691 810 1743 neu=ernennter Ober=Aufseher deren Finan=
110 1731 811 1788 tzen ist nun im Werk begriffen / alle Hofs=
109 1777 810 1830 und andere Bedienungen / eben wie es
111 1820 812 1875 in anderen Reichen eingeführet worden /
109 1861 811 1920 feilbar zu machen / und dieses betrift
110 1907 808 1961 auch die Militar=Stellen / so daß je=
103 1953 811 2007 dermann / der die Mittel hat selbige zu
834 596 1544 650 erkauffen / dabey den Zutritt haben kan.
834 635 1532 697 Die Gemahlin des Königl. Jnfante
834 685 1548 741 Don Philippi bedienet sich wegen ih=
833 729 1544 785 rer jetzigen Schwangerschaft eines
834 774 1116 821 Trag=Sessels.
856 817 1539 871 Das Spanische Geschwader / welches
835 860 1539 916 schon gedachter massen am 6ten vorigen
835 905 1548 960 Monats von der Bay zu Cadix wie=
835 947 1544 1003 der unter Segel gegangen / ist aus fol=
836 989 1545 1042 genden Schiffen bestanden: Der Con=
836 1033 1546 1087 tre=Admiral Navarrot führet das
836 1076 1546 1130 Schif St. Elisabeth von 76. Stücken /
837 1123 1542 1177 und 850. Mann. Die andern Schiffe
837 1165 1544 1219 seynd: St. Ferdinand von 64. Stücken /
837 1212 1543 1263 und 650. Mann; St. Theresia von 60.
839 1252 1544 1313 Stücken / und 600 Mann; El Saberbio
838 1299 1542 1354 von 60. Stücken / und 600. Mann;
840 1338 1547 1399 St. Franciscus Xaverius von 56. Stü=
840 1384 1547 1437 cken / und 500. Mann; Elaconti von
838 1428 1545 1483 60. Stücken / und 590. Mann El Po=
839 1473 1545 1524 der von 64. Stücken / und 620. Mann.
840 1516 1544 1565 El Brillante von 60. Stücken / und 600.
840 1558 1547 1611 Mann; El Neptuno von 60. Stücken /
838 1607 1546 1659 und 610. Mann zusammen 560. Stü=
841 1647 1259 1700 cke / und 5620. Mann.
1051 1696 1318 1745 Aus Jtalien.
1004 1738 1374 1789 Neapel 23. May.
885 1780 1547 1836 Auf denen 4. Tartanen / welche von
842 1823 1546 1878 Trapani angekommen / ware eine Bat=
840 1868 1544 1928 taillon des Regiments von Flandern /
841 1912 1545 1971 so zu der Besatzung von Chiaja abge=
886 1957 1279 2012 3 D
1279 1973 1544 2015 gan=
