1669 2213
681 12 1007 60 537
122 73 818 126 ters. Von der zu gutem der Armen al=
122 117 817 168 hier aufgerichten Lotterie ist das grosse
123 159 817 208 Loos von 80000. Livres 20. Bedien=
122 203 816 254 ten / welche gemeinschaftlich fünf Zetul
163 248 815 297 genommen / zugefallen. Wie man von
164 289 815 335 Brest und Toulon vernimmt / werden
124 332 817 381 alle unsere theils neu=erbaut / und theils
123 376 815 425 nur ausgebesserte Schif in 10. oder 12.
122 415 815 471 Tagen zum Auslauf gantz fertig seyn:
123 459 814 516 Es ist aber der Weg / den sie zu nehmen
118 505 810 556 haben / noch nicht eigentlich bekannt /
121 547 813 598 doch scheinet / daß mit einem Theil der=
120 588 813 638 selben wol etwas ernstliches wider die
122 632 812 684 Africanische Raub=Nester / und sonber=
121 676 814 730 lich Tunis vorgenomen werden dörfte.
319 722 643 771 Aus Schweden.
251 766 679 816 Stockholm 20. May.
140 808 813 865 Vorgestern speiseten des Königs Ma=
118 851 814 900 jestät samt einigen Senatoren / und ver=
117 894 810 946 schiedenen andern Standes=Personen
118 936 808 987 bey dem Vice=Admiral Ankerkron zu
117 979 810 1032 Mittage / und besahen nachgehends den
116 1022 810 1074 Galeeren=Bau. Dieser wird eiferig
114 1063 811 1117 fortgeführet. Der Hof hat verschiede=
115 1109 809 1161 ne junge Leute nach Marseille reisen
116 1150 811 1205 lassen / alda die See=Fahrt zu erlernen /
117 1193 810 1250 und sich dadurch zum Dienst auf denen
117 1237 633 1292 Galeeren geschikt zu machen.
254 1285 662 1337 Stockholm 26. May.
138 1326 809 1383 Die Leiche des letzt=verstorbenen Hrn.
117 1369 811 1423 Reichs=Rahts / Grafen de la Gardie /
115 1415 808 1466 ist vor dem Feste mit gewöhnlichen Ce=
115 1457 810 1511 remonien / unter Abfeurung 64. Cano=
114 1500 813 1551 nen / zur Erden bestattet worden. Aus
114 1543 810 1595 der Königl. Druckerey ist eine vollstän=
115 1586 809 1637 dige Specification aller Mit=Glieder
116 1631 809 1685 deren gegenwärtigen Reichs=Versam=
115 1672 809 1726 lungen/ und aller Deputationen deren
114 1715 811 1772 Hochlöbl. Reichs=Ständen zum Vor=
111 1758 809 1814 schein gekommen. Sonst seynd gestern
110 1805 809 1859 zu Besatzung der alhier ausgerüsteten
110 1847 810 1901 Galeeren einige Compagnien von de=
107 1888 808 1948 nen Land=Regimentern eingetroffen.
104 1932 812 1998 Der Doctor Serenius hat ein Eng=
852 74 1553 129 lisch=Schwedisches Wörter=Buch / wor=
851 120 1555 168 in die Aehnlichkeit beyder Sprachen
854 161 1556 211 gewiesen wird / denen Ständen zuge=
852 204 1557 255 schrieben / und dafür eine goldene Me=
852 248 1557 297 daille mit des Königs / und der Kö=
853 289 1555 341 nigin / Bildnussen verehrt bekommen.
1032 337 1372 379 Aus Dännemark.
973 378 1441 435 Coppenhagen 27. May.
907 421 1556 473 Der an unserm Hof ernennte neue
852 464 1549 515 Russische ausserordentliche Gesandte /
853 509 1554 558 Hr. v. Czernichef /ist am vorigen Dien=
853 551 1556 602 stage Abends hier angelanget / und fürs
852 594 1560 644 erste bey dem Herrn Baron von Korf
854 638 1554 688 abgetretten. Den folgenden Tag hat
852 680 1556 731 er seine Ankunft den in= und ausländi=
851 724 1554 774 schen Ministern durch einen seiner Ca=
851 767 1556 820 valiers kund thun lassen. Der Herr
850 810 1554 863 General=Leutenant von Scholten /
852 854 1554 906 Commandant hiesiger Residentz / ist nach
851 896 1554 950 Jütland verreiset / und bey dessen Ab=
850 938 1553 991 wesenheit führet der Herr Obriste von
850 983 1384 1033 Reitzenstein das Commando.
980 1028 1426 1079 Coppenhagen 3. Junii.
895 1070 1552 1124 Vor einigen Tagen seynd 4. Russi=
849 1115 1557 1166 sche Fregatten von Petersburg auf
848 1158 1555 1211 hiesiger Rheede angelangt / welche hie=
850 1203 1555 1258 selbst einige Erfrischung einnehmen /
849 1246 1555 1299 man versichert / daß selbige in kurtzem
848 1292 1557 1347 nach Archangel gehen werden. Auf
848 1334 1553 1390 hiesigen Holm werden 3. Königliche
849 1379 1554 1450 Fregatten ausgerüstet / welche in wenig
848 1423 1277 1475 Tagen auslegen sollen.
1025 1468 1373 1516 Aus Teutschland.
1053 1509 1354 1567 Cöln 1. Junii.
892 1552 1553 1606 Gestern Nach=mittag seynd Jhro
847 1595 1548 1650 Churfürstliche Durchl. von Dero Lust=
847 1639 1551 1694 Schloß Augustusburg und Bonn zu=
845 1682 1547 1735 rük gekehret / woselbst Jhro Durchl. der
846 1727 1551 1781 Fronleichnams=Procession in hoher
845 1766 1550 1824 Person heute beygewohnet haben / wo=
846 1813 1545 1867 bey Dero samtlicher Hofstaat in Gala
846 1860 1547 1913 und der neuen Staats=Livree erschie=
845 1903 1551 1963 nen. Am Sonntag wurde der Frey=
842 1946 1547 2008 herr von Seeberg / Herr zu Eicks rc. auf
