1633 2186
608 13 1003 67 543
168 82 1418 158 Anno 1741. (Anhang zu Num. 50.) 24. Junii.
175 194 653 243 Aus Groß=Britannien.
95 253 733 303 Beschluß aus Londen 30. May.
71 317 766 370 // WJr hoffen / alle unsere Bombardier=
67 351 768 399 // Gallioten bald herauf zu bekommen / da=
68 393 767 436 // mit dieselbe auf die Stadt Carthagena
69 432 769 475 // selbst spielen können / und wir seynd nun
67 468 771 512 // im Stande etwa eine Frantzösische Meile
68 507 770 547 // von der Stadt mit unsern Völckern die
68 546 770 587 // Haupt=Landung vorzunehmen / welches
66 581 771 624 // wir sonst / vor Eroberung des Castillo
68 618 771 663 // Grande / nicht näher / als auf 3. solcher
67 657 592 699 // Meilen / hätten thun können.
104 694 767 739 // Da wir also im völligen Besitz des Ca=
68 732 766 777 // nals seynd / mögen wir in Wahrheit wol
67 769 765 813 // sagen / er seye uns so eng / und so schwer
68 808 765 851 // zur Einfahrt / auch anbey eine solche gu-
67 845 762 886 // te Anordnung zur Vertheidigung gemacht
65 882 763 922 // worden / als irgend an einem Orte in der
65 919 763 961 // Welt geschehen mag: dann es hatte der
66 954 762 999 // Feind über 200. Canonen auf denen
64 992 763 1034 // Schantzen / Batterien / und Schiffen /
59 1030 765 1072 // die alle miteinander auf eine Engelländi=
65 1067 764 1109 // sche Meile in der Runde gegen und wider
64 1105 765 1147 // die Ankommende zu spielen im Stande
64 1149 223 1180 // waren.
104 1179 763 1222 // Am 1. April des Morgens warffe der
66 1217 763 1262 // Admiral aus seinem eigenen Schiffe die
65 1256 764 1298 // Ancker dichte an Castillo Grande / und se=
67 1296 764 1337 // tzet nun einige andere Schiffe zu Wercke /
67 1332 762 1372 // damit die Masten von denen versenckten
66 1370 764 1413 // Schiffen mögen abgehoben und ein Fahr=
69 1408 765 1449 // Wasser über die jenigen hergemacht wer-
71 1446 764 1487 // den / die am tieffesten ligen / da alsdann
69 1484 763 1526 // seine gantze Flotte herein kommen und die
67 1518 765 1562 // Land=Macht bey ihrer Landung mittelst des
68 1557 764 1605 // Feuers aus ihrem Geschütze desto besser
68 1594 763 1638 // decken möge / massen in einem Kriegs=
71 1629 762 1679 // Raht beschlossen worden ist / den grösten
68 1670 764 1717 // Fleiß dahin anzuwenden / daß der Stadt
67 1708 764 1751 // auf der Land=Seite alle Communication
67 1746 766 1790 // abgeschnitten, und sodann die Landung
67 1782 766 1829 // an dem bequemsten / und der Stadt am
68 1821 768 1866 // nähesten gelegenen Orte vorgenommen
65 1866 216 1900 // werde.
100 1894 763 1940 // Einige von unseren Kriegs=Bedienten
65 1934 767 1979 // seynd durch die feindliche Stücke um=
66 1972 765 2015 // gekommen / unter denen der Obriste Duglas /
65 2010 765 2062 // der Obriste Watson von der Artillerie / der
804 173 1516 216 // Obrist=Leutenant Sandford / Herr Moor /
803 212 1512 254 // Ober Jngenieur / und Leutenant Jrwing /
805 251 1114 291 // gezehlet werden.
842 286 1515 331 // Seit unseren letzten aus Jamaica ge=
807 325 1518 366 // schriebenen Briefen / hat Capitain Duglas
805 362 1515 406 // zwey Spanische Prisen aufgebracht / die
806 400 1514 444 // von St. Jago nach hiesigen Hafen wol=
807 436 1516 479 // ten. Capitain Trevor /welcher in der
806 475 1517 519 // Gegend St. Martha gekreutzet / hat ein
805 513 1515 555 // Register=Schiff / und eine Advis=Jacht /
805 551 1515 593 // beyde von Cadix hieher bestimmet / weg=
804 589 1515 631 // genommen / und Briefe vom 2. Febr. styl.
806 626 1515 669 // nov. darauf gefunden. Capitain Mo=
805 664 1512 707 // styn aber / mit dem Schiff Deptfort / da
804 702 1512 744 // er an der Lee Seite dieses Hafens gekreu-
802 741 1513 783 // tzet / hat ein kleines Schif von Ferol /
796 778 1513 820 // und eine Schnaue von Porto=Bello erha=
802 817 1513 857 // schet / welche letztere eine Battaillon von
800 852 1438 895 // hier aus dahin hätte bringen sollen.
946 903 1359 952 Aus Jngermanland.
881 962 1427 1011 Petersburg ( 8.) 19. May.
801 1006 1510 1067 VOrgestern ist der Hr. General=Feld=Mar=
872 1043 1509 1086 schall Graf von Lasey von Riga glücklich
800 1082 1101 1126 alhier eingetroffen.
892 1117 1417 1170 Petersburg (15) 26. May.
837 1159 1514 1208 Dieser Tagen ist der Hr. General en chef
799 1202 1508 1247 von Keit aus der Ukraine alhier eingetroffen.
800 1269 1510 1319 Kurtze Beschreibung des Trauer= und
800 1315 1512 1353 Parade=Saals / darinnen der verblichene
801 1350 1506 1396 Leichnam Jhrer Russischen Majestät ANNA
800 1390 1507 1432 JOANNOWNA glorwürdigsten Andenkens
803 1428 1510 1469 in offener Sarge bis auf den Tag der präch=
839 1464 1467 1509 tigen Beysetzung offentlich ausgesetzet
1108 1512 1203 1540 ware.
894 1546 1513 1595 ES ist unsere Absicht gar nicht für dieses=
861 1587 1508 1632 mal eine Beschreibung derer Ceremonien
801 1624 1508 1672 mit=zutheilen / die bey der Leiche Jyrer Rus=
802 1665 1506 1711 sischen Maj. glorw. Andenkens beobachtet
801 1700 1506 1745 worden seynd. Dann diese nebst einer voll=
801 1739 1506 1784 ständigen Beschreibung des prächtigen Para=
803 1776 1510 1821 de=Behtes / deren dabey sogleich nach dem Ab=
802 1813 1506 1862 schied Jhrer Russisch. Maj. angestellten Ge=
802 1853 1508 1900 betten / und übrigen geistl. Gebräuchen / wie
800 1893 1507 1935 auch ferner derer vollbrachten Verrichtungen
802 1929 1505 1971 in dem Trauer= und Prunk=Saal / und dann
801 1969 1506 2018 des prächtigen Leich Begängnüsses / verdienen
1415 2008 1507 2050 allzu=
