1656 2203
845 8 937 55 546
204 72 874 114 Besagten nach=Mittag machten Jhre
166 110 879 153 Heiligk. den Card. Spinola zu einem Mit=
167 148 855 190 Glied der Versammlung deren Freyheiten.
207 185 875 228 Sonntag nach=Mittag wolten Jhre Heilig=
166 223 875 265 keit mit halboffentl. Gepränge den schwer
166 259 873 302 krank darnieder liegenden Card. Lanfredini
165 297 876 339 besuchen; da aber selber ob der Heftigkeit sei=
169 336 875 379 ner Krankheit Jhre Heiligk. nicht empfangen
164 374 876 415 könte / hielten sie bey dessen Pallast / alda sie
166 411 875 452 von denen Haus=Bedienten besagten Cardi=
167 448 878 492 nälens den letzten / und äussersten Zustand des=
167 487 876 530 selben vernahmen. Jhre Heiligk. setzeten so=
168 525 875 566 dann den Weeg weiters fort nach der Haupt=
167 562 876 599 Kirche von S. Maria in Trastevere, einer aus
169 599 879 643 denen 4. Kirchen / in welchen man wegen de=
169 638 877 680 nen jetzigen nöhtigen Umständen den Ablaß
168 676 877 717 gewinnen kan; und nach daselbst verrichte=
167 713 877 756 tem Gebette bey U. L. Frauen / verfügten sich
166 750 873 794 selbe Lusts=halber in den Farnesischen Gar=
167 788 877 831 ten alla Longara spatzieren / und nahmen zu=
166 826 877 870 gleich die alldasige Sehens=würdigkeiten in
164 864 373 904 Augenschein.
204 900 875 945 Montags lasen Jhre Heiligk. in der Kirche
166 940 875 986 deren Jrrländischen Minoriten an dem Altar
165 976 874 1019 des Heil. Isidori (als dessen Fest damals eben
167 1015 875 1058 daselbst begangen wurde / Messe / und wur=
165 1053 875 1091 den alda von dem Cardinal Corsini, Be=
165 1090 874 1132 schützern des Reiches von Jrrland / und dem
165 1127 876 1170 Monsig. Meßmer / Vorstehern des Korn=
166 1163 516 1207 Vorrahts empfangen.
205 1201 873 1243 Dienstag um 3. viertel auf 12. Uhr hat
166 1238 873 1282 Se. Eminentz der Card. Jacob Lanfredini,
165 1276 873 1325 ein Florentiner / Diaconus von S. Maria in
168 1315 874 1360 Portico in Campitelli, Praefectus der Con-
167 1353 873 1401 gregation der Kirchen-Freyheit / und Super-
168 1392 871 1433 intendens des Hauses / und Banco von S.
168 1428 871 1472 Spirito, eine Creatur Papsts Clementis XII.
167 1468 869 1510 nach ausgestandener schweren Krankheit sei=
167 1505 870 1547 nes Alters im 60. Jahr / 6. Monat / und 21.
164 1543 869 1586 Tag / des Cadinalats aber in 7. Jahr / 1.
165 1580 870 1623 Monat / und 23. Tag / nachdeme selbe mit
165 1619 868 1663 allen HH. Sacramenten versehen worden / die=
163 1658 519 1701 ses Zeitliche geseegnet
204 1694 867 1739 Mittwochs / da das Fest des H. Paschalis
165 1733 864 1775 Baylon, in der Kirche deren WW. EE. PP.
166 1770 867 1814 Franciscanern Ara-Cæli, begangen wur=
164 1809 869 1852 de / verfügten sich Jhre Heiligk. mit halb=of=
165 1847 867 1893 fentl. Gepränge alldahin / und lasen an dem
165 1884 867 1929 daselbstigen Hoch=Altar / auf welchem eine
164 1923 866 1969 Reliquie von diesem Heiligen ausgesetzet wa=
164 1963 866 2008 re / Messe. Jhre Heiligk. wurden bey dem
165 2001 867 2042 Eingang der Kirche von dem Card. Acqua-
165 2037 868 2088 viva, als Beschützern des Franciscaner=Or=
912 74 1607 118 dens / empfangen / und nach der Messe gien=
911 114 1605 162 gen sie in das Closter / und besichtigten die
913 151 1603 193 schöne Bibliothec / welche von dasigen PP.
913 190 1562 230 mit aller Sorgfältigkeit verwahret wird.
950 226 1603 266 Nachdeme der Card. Lanfredini in seinem
912 263 1603 304 Testament verordnet hat / daß sein Leichnam
913 300 1604 343 bey denen PP. Missionarien in der Kirchen
914 338 1608 381 von St. Johann / und Paul / als seinen er=
915 377 1605 419 nannten Erben ausgesetzet werden solle / als
914 414 1604 458 ist solcher deme zufolge Mittwochs Abends
914 453 1603 494 in einer Kutsche in geheim dahin überbracht /
915 490 1603 532 Donnerstags darauf aber bey prächtigen
914 527 1603 570 Trauer=Aufputz der Kirchen allda zwischen
915 564 1603 608 denen gewöhnl. 104. Wax=Lichtern ausgese=
916 601 1604 647 tzet / und darbey die feyerl. Exequien gebal=
916 638 1605 683 ten worden. Es liessen sich auch Jhre Hei=
916 678 1604 722 ligkeit mit offentlichen Gepränge in Dero
917 714 1604 760 Hand=Senffte dahin überbringen / und hiel=
917 749 1604 798 ten allda Päpstl. Cappelle / dero 19. Cardinä=
916 790 1604 835 len / und die gesammte Prælatur / nebst allen
916 827 1606 871 denen / die ansonst zur Päpstl. Cappelle zu
916 864 1605 908 erscheinen haben / beywohneten. Der Card.
916 903 1606 944 Bichi, aus dem Priester=Orden / sunge an=
917 937 1606 984 statt des abwesenden Card. Firao das Hoch=
915 972 1605 1018 Amt / und die Bettel-Orden kamen Ablö=
911 1014 1605 1062 sungs=weise dahin / das Todten=Officium zu
913 1053 1605 1100 singen. Abends wurde besagter Leichnam
913 1089 1607 1135 ebenfalls der letzten Verordnung Sr. Emin.
915 1127 1604 1174 zufolge in das Missions-Haus obbemeldter
913 1164 1606 1209 PP. nach dem Berg Citorio überbracht / und
913 1208 1161 1247 allda begraben.
951 1275 1605 1323 NB. Heute ist bey dem Verleger des Wie=
913 1313 1608 1361 nerischen Diarii, wie auch bey Hrn. Prasser bey
913 1350 1609 1401 St. Johann in der Wüsten am Kohlmarkt /
912 1388 1607 1433 und in dem kleinen Buch=Gewölb nächst der
910 1429 1607 1475 Burger=Spital=Apothecken in der Kärntner=
911 1461 1610 1515 strassen der 17de Bogen von der allhiesigen Jl=
910 1499 1609 1548 luminations=Beschreibung / (in welcher auch
909 1540 1609 1587 alle Triumph=und Ehren=Gerüste / die immer
909 1577 1609 1629 alhier zu sehen gewesen / ausführlich beschrie=
908 1615 1604 1662 bener heraus kommen werden) zu haben /
909 1648 1607 1702 und künftigen Mittwoch als den 28. Junii
907 1694 1522 1741 wird der 18deBogen zu bekommen seyn.
906 1759 1609 1810 NB. Auf den 28. dieses Monats wird
904 1798 1611 1852 auf den Hof in dem Groß=Merckinischen
905 1834 1612 1893 Haus zu ebener Erd Fruhe von 9. bis 11. /
902 1875 1612 1928 und Nach=mittag von 3. bis 6. Uhr die be=
901 1909 1609 1970 reits angefangene Licitation ferners conti-
901 1949 1599 2002 nuiret werden / wobey zur Nachricht dienet /
902 1988 1610 2042 daß erst anheut Abends alle Effecten zu
900 2031 1436 2085 Handen gebracht worden seynd.
