2423 3306
199 132 1246 250 sten angelanget / um in den Hafen zu
201 224 1245 308 Cadix einzulaufen / wo auch die ande=
198 287 1246 388 re übrige Gallionen gegen den halben
203 352 1070 453 dieses Monats erwartet werden.
524 420 924 510 Aus Jtalien.
453 467 1012 573 Neapel 10. Junii.
264 534 1248 637 Mittwoch reisete der Printz Cariatti
202 604 1256 709 Spinelli von hier nacher Wien ab. Auf
202 681 1249 771 Verordnung der hiesigen Regierung /
203 746 1249 840 seynd vorige Nacht zwey leichte Fahr=
204 811 1252 903 Zeuge mit Rudern nach dem Gewäs=
203 879 1252 968 ser von Sardinien / und noch weiter ab=
204 939 1252 1038 gefahren / um auszukundschaften / wo=
206 1011 1249 1098 hin die Spanische Kriegs=Flotte ihren
203 1076 1248 1183 Lauf wendet / und die ausführliche Nach=
206 1140 814 1245 richt hieher zu bringen.
456 1203 988 1292 Neapel 17. Junii.
276 1264 1255 1362 Der Fürst von Lobkowitz ist auf ei=
206 1339 1254 1432 nem Engländischen Schif nacher Paler-
207 1404 1255 1493 mo in Sicilien / um die Comandanten=
207 1470 1255 1563 Stelle deselbigen Schlosses / genannt
208 1538 1254 1629 Castell à Mare, anzutretten abgefah=
206 1599 1255 1687 ren. Samstag Vor=mittag wurde
210 1667 1251 1750 alhier auf dem Platz des Königl. neuen
211 1730 1252 1816 Schlosses ein Teutscher Soldat / wei=
211 1795 1255 1883 len er des Tags vorhero einen andern
214 1856 1105 1953 Soldaten erschossen / enthauptet.
451 1926 1026 2012 Livorno 20. Junii.
277 1981 1261 2075 Die 4. gemeldete von dem Hrn. Va-
210 2055 1262 2143 tan comandirte Frantzösische Kriegs=
211 2109 1261 2211 Schiffe / welche mit 9. Stuck=Schüssen
213 2189 1261 2277 hiesige Festung begrüsset haben / und
217 2243 1262 2342 mit 8. beantwortet worden / haben Dien=
216 2314 1264 2410 stag ihre Reise ferner nacher Neapel fort=
220 2380 1262 2475 gesetzet. Mit einer in 12. Tagen von
216 2449 1266 2540 Algier angekommenen Frantzösischen Tar-
220 2513 1265 2603 tane wird bestättiget / daß man daselbst
219 2579 1270 2670 alles in bestem Wehr=stand setze daß
223 2645 1271 2735 der aldortige Bey 9000. Mann zur Ver=
220 2708 1271 2800 stärkung nacher Oran abgeschicket ha=
225 2774 1271 2871 be: und daß alle dasige Raub=Schiffe
224 2842 1273 2929 in den Hafen daselbst entwafnet lägen /
225 2910 1274 3018 ausgenommen zwey / jedes von 12. Stü=
1292 138 2375 256 cken / so amnoch auf dem Lauf aus wä=
1292 220 2366 312 ren. Mit einem in 10. Tagen von
1292 295 2364 384 Barcellona alhier angelangten Englän=
1295 359 2360 448 dischen Schif hat man die Bestättigung /
1296 426 2360 519 daß der mehreste Theil der grossen Spa=
1296 489 2360 577 nischen Flotte den 2ten Dieses von Ali-
1299 549 2122 645 cante nacher Oran abgesegelt.
1594 624 2056 708 Rom 21. Junii.
1361 676 2358 782 Freitags Nacht wurde der Abbate
1298 749 2361 842 Andrea Ori, nachdeme ein Pater des
1301 815 2362 910 Heil. Officii in Begleitung eines No-
1301 883 2362 974 tarii und des Rumor=Hauptmanns
1302 952 2362 1041 mit 60. Stadt=Knechten / alle seine
1305 1011 2362 1108 Schriften / worunter man viele Satyri-
1303 1083 2362 1174 sche und Schimpf=Gedichte gefunden /
1303 1146 2358 1237 durchsuchet / und weggenommen / in
1305 1210 2362 1306 das Gefängnuß geführet: und weilen
1305 1283 2359 1374 er vorgabe / solche von einer andern
1307 1342 2362 1442 Person empfangen zu haben / wurde
1306 1404 2382 1506 auch diese und nach und nach noch 5.
1307 1479 2362 1568 andere dergleichen in Verhaft gezo=
1305 1533 2362 1628 gen. Samstags Vor=mittag erthei=
1306 1603 2366 1692 lete der Papst eine Allergnädigste Au=
1306 1664 2363 1753 dientz 4. PP. Missionarien / so nacher
1309 1725 2362 1818 Jndien gehen / um daselbst den allein
1309 1792 2341 1882 selig=machenden Glauben weiter aus=
1309 1855 2361 1952 zubreiten. Gestern fruhe verfügte
1313 1917 2365 2015 Sich Seine Päpstliche Heiligkeit in
1313 1982 2322 2080 einem Trag=Sessel aus dem Pallast
1317 2050 2310 2148 Quirinal nach Dero Lust=Haus vor dem
1318 2119 2306 2217 St. Pancratzi=Thor / alwo Sich auch
1317 2184 2349 2274 Dero Befreundte einfanden / mit wel=
1318 2245 2326 2347 chen Jhre Heiligkeit ein paar Stund in
1319 2314 2328 2407 der Grüne daselbst herum spatzierten /
1321 2379 2358 2470 und sodann wieder in bester Gesund=
1319 2445 2321 2564 heit nach dem Quirinal zuruck=kehre=
1317 2528 1427 2633 ten.
1594 2557 2075 2668 Aus Frankreich.
1574 2647 2089 2737 Paris 15. Junii.
1386 2701 2329 2806 Die Königin hat bey ihrer Abreise von
1322 2772 2303 2868 Chartres 300. Louis d'Or dem dasigen
1322 2837 2263 2932 Bischoffen zugestellet / um sie denen Ar=
1320 2910 2296 3013 men seines Stifts auszutheilen. Man
2230 3006 2298 3056 weiß
