2411 3313
25 121 1090 228 weiß aber noch nicht / was Jhre Ma=
30 196 1091 303 jestät nach dem Exempel anderer Köni=
34 262 1095 366 ginnen der dasigen Bischöflichen Kir=
38 322 1094 429 chen werde vergabt haben / oder noch
43 391 1096 495 vergaben werde. Der Hertzog von Or=
45 453 1098 554 leans / welcher bis auf den 7den Dieses
47 527 1099 627 noch nicht bey dem Hof zu Compiegne
43 591 1100 688 erschienen / ist an selbigem Tag alda an=
50 653 1102 757 gelanget / und hat des folgenden Tages
50 721 1102 841 dem Aus oder Abfertigungs=Raht bey=
50 784 1104 887 gewohnet. Heute werden alle Parla=
49 856 1107 952 ments=Kammern wegen des Mande-
57 912 1106 1011 ment oder Geistlichen Gebotts des hie=
55 981 1107 1094 sigen Ertz=Bischoffen sich noch einmal
54 1066 390 1157 versammeln.
326 1109 849 1213 Paris 20. Junii.
123 1163 1111 1278 Vor einigen Tagen hat der Zoll=Be=
57 1246 1113 1344 amte zu S. Didier in der Provintz
60 1315 1117 1412 Champagne eine Parthey Contraban-
60 1375 1117 1476 den Waaren arrestiret / und solche der
64 1443 1116 1541 ordinari Land=Gutschen aufgeladen / um
64 1512 1117 1605 sie nach dem grossen Zoll=Haus nach
67 1571 1117 1677 Paris abzufertigen / als nun die Con-
68 1633 1122 1728 trabandisten denen die Waar zugehöret /
68 1699 1118 1793 hiervon Wind bekommen / haben sie
70 1759 1116 1857 der Gutschen unterwegs aufgepasset /
69 1835 1116 1921 mnd ihre Waaren dorten hinweg ge=
73 1896 1117 1984 nommen / jedoch darbey keinen Men=
73 1954 1116 2055 schen einiges Leid zugefüget. Von Tou-
76 2019 1117 2119 louze aus Languedoc wird geschrieben /
74 2091 1116 2181 daß ein Jud / so ein Rabbiner aus der
69 2155 1116 2252 Juden=Schul zu Avignon gewesen /
73 2220 1113 2314 und 36. Jahr alt ist / das Judentum
77 2288 1117 2383 abgeschworen / und hingegen den Rö=
77 2357 1117 2466 misch=Catholischen Glauben / ange=
80 2418 1118 2515 nommen. Wegen des von dem hiesi=
85 2489 1116 2575 gen Ertz/ Bischoffen ausgegangenen
85 2549 1117 2647 Geistlichen Befehls / haben sich ein Theil
81 2619 1118 2707 deren Königl. Advocaten und Procu-
81 2684 1118 2777 ratoren wieder nach Compiegne bege
116 2741 1116 2838 ben / um alda die Königl. Befehl an=
108 2808 1121 2904 zuhören / woraufhin sich alle Kamme=
112 2884 1118 3000 ren des Parlaments / alhier zusammen
1142 100 2197 215 gelhan / um den Jnhalt solchen Befehls
1140 165 2199 276 zu vernehmen. Das Parlament hat
1142 238 2202 341 wegen des oberwehnten Mandements
1142 297 2201 405 des hiesigen Ertz=Bischoffen ein Decret
1145 369 2108 478 ergehen lassen / folgenden Jnhalts:
1194 448 2204 539 // Nachdeme das Parlament in Versamm=
1146 504 2203 593 // lung aller dessen Kammeren ein Mande-
1150 559 2209 645 // ment gesehen und überlegt / welches ti=
1149 616 2205 694 // tuliret wird / Mandement des Herrn
1149 669 2209 756 // Ertz=Bischoffen von Paris / unterm Da=
1152 726 2209 807 // to des 27. Aprils dieses laufenden Jahrs /
1150 780 2209 869 // wordurch verschiedene Libellen / so unter
1152 840 2209 916 // dem Namen Geistlicher Zeitungen be=
1156 889 2210 978 // kannt. condemniret worden / die Königl.
1152 949 2210 1023 // Advocaten und Procuratoren dessentwe=
1157 1004 2209 1085 // gen angehöret / daraufhin die Sache in
1158 1059 2212 1137 // Berahtschlagung genommen worden; als
1160 1115 2209 1196 // hat das hohe Gericht den General=Pro-
1156 1173 2212 1255 // curatoren des Königs zum Appellanten
1158 1228 2213 1309 // wider dieses Mandement, als aus einem
1160 1284 2213 1362 // Mißbrauch herrührend / angenommen /
1160 1336 2213 1419 // und erlaubet ihme auf besagte Appella-
1161 1389 2213 1482 // tion, alle die so er für gut befinden wird /
1161 1447 2216 1529 // zu intimiren / da dann die Partheyen
1166 1502 2214 1585 // von dem Parlament nächstens angehöret
1165 1557 2214 1635 // werden sollen. Jndessen verbietet das
1162 1610 2216 1695 // Parlament die Vollziehung dieses Man-
1162 1665 2213 1743 // dements / wie auch dessen Austheil= und
1161 1718 2220 1805 // Verkauffung / bey Straf / wie hierüber
1165 1777 2217 1853 // erkannt werden solle / so lang / bis das
1160 1831 2218 1908 // hohe Gericht des Parlaments hierinnen
1166 1883 2218 1966 // ein anderes verordnen wird. Beschehen
1160 1936 2214 2019 // in dem Parlament den 13. Junii 1732.
1161 1997 1873 2085 // ware beschehen / Ysabeau.
1217 2064 2224 2162 Das ob=erwehnte Decret des Par=
1161 2137 2220 2228 laments ist aus dessen Befehl dem Ertz=
1160 2206 2222 2303 Bischoffen von Paris durch Gerichts=
1160 2271 2224 2363 Diener angedeutet worden / deme der
1164 2332 2223 2437 Ertz=Bischof geantwortet: Gehet fort /
1163 2398 2224 2504 ich weis aus wessen Befehl ich das
1167 2465 2224 2560 Mandement gemacht habe. Seit de=
1164 2534 2224 2637 me ist der Præsident Augier nacher Poi-
1165 2601 2223 2696 tiers, der Parlaments=Herr Fautriere
1164 2670 2225 2767 nacher Belle-Isle, zwey andere / nam=
1164 2730 2220 2834 lichen Vervin und Robert / der erste na=
1164 2800 2220 2897 cher Vincennes, und der andere nach
1161 2864 2219 3005 denen Jnsulen St. Margaretha in das
1278 2949 1738 3035 )( 2
1738 2926 2217 3028 Mitt=
