2459 3309
412 107 1098 208 Königsberg 13. Junii.
294 159 1276 267 Gestern kamen wieder 210. ausge=
225 238 1269 331 wanderte Saltzburger zu Schiffe alhier
229 309 1273 396 an / und wurden von der Geistlichkeit /
229 374 1277 475 Schul=Collegen, und Schüler / wie die
224 440 765 532 vorigen / abgeholet.
483 505 1008 593 Aus Teutschland.
491 572 1006 657 Berlin 19. Junii.
284 628 1274 727 Der Königl. Preussische Commissa-
224 707 1271 793 rius hat unterm 8ten Junii aus Regen=
218 766 1271 859 spurg anhero berichtet / wie bereits wie=
218 826 1268 929 der eine Anzahl von 1500. Köpfen aus=
218 902 1267 990 wanderenden Saltzburgern dorthin in
217 966 1270 1054 Anzug wären / welche meistens bemitel=
213 1035 1267 1122 te Leute / und hätten die Holländer eben
213 1100 1267 1190 auch jemand abgeschicket / der 300. Fa-
210 1161 1266 1251 milien von diesen Leuten aufnehmen sol=
209 1229 1262 1319 le. Den 2ten Junii seynd wieder eine
207 1297 1261 1387 Anzahl von 237. Personen von dem
207 1361 1258 1450 Nürnbergischen Städtlein Lauf ab / und
209 1429 1261 1526 durch das Chur=Bayrische Ober=Pfäl=
205 1496 1258 1583 tzische Gebiete marschiret. Die vor ei=
205 1556 1251 1650 niger Zeit erwehnten Saltzburgischen
201 1627 1251 1715 Berg=leute haben durch deren Haupt=
201 1689 1245 1779 mann / Herrn von Ehrenberg / Dienst
198 1755 1246 1844 in Dantzig bey dem Schwedischen Re=
198 1820 1245 1914 sidenten 363. an der Zahl erhalten / wel=
196 1883 1245 1974 che Berg=leute ihren Weg durch Böh=
196 1950 1245 2041 men / Schlesien und Sachsen genom=
193 2015 1241 2104 men. Jhre Kaiserl. Majestät haben
191 2079 1241 2172 denenselben einen eigenhändig=unter=
192 2145 1242 2241 schriebenen Paß reichen lassen / dieses
192 2212 1241 2302 Jnhalts: diese Leute durch gantz Böh=
191 2280 1237 2367 men frey durch=zu=schafsen / auch wo
188 2336 1237 2434 möglich selbe bey dasigen Berg=werken
185 2408 1237 2500 zu gebrauchen; überdies jeden täglich
189 2474 1237 2564 4. kr. zu zahlen. Von denen letzt=ge=
191 2541 1237 2630 meldeten / welche bereits hier in der Nä=
187 2605 1236 2700 he stehen / hat man von Altenburg Nach=
184 2669 1236 2760 richt / daß sie daselbst so gut aufgenom=
185 2738 1233 2828 men / als noch zur Zeit an wenig Orten
187 2798 1235 2900 geschehen: man hat jede Person frey
181 2870 1235 2965 einquartiret und gespeiset / 100. Rthlr.
179 2934 1235 3054 Geld unter sie ausgetheilet / selbe auch
1330 124 2409 239 nachher gantz frey bis Leiptzig geliefert /
1331 196 2405 301 und selbige der Stadt Leiptzig bestens
1330 261 2405 358 recommendiret. Am 13. und 14den
1327 324 2405 448 Junii seynd dieselben 1950. Köpfe stark
1330 390 1987 486 in Leiptzig angekommen.
1328 458 2397 557 Berchtolsgaden / gefürstete Prob=
1461 529 2261 620 stey in Bayern 19. Junii.
1394 587 2391 689 Daß Seine Hochfürstl. Gnaden / un=
1327 642 2389 757 ser gnädigster Fürst und Herr / Julius
1328 722 2390 826 Heinricus, welcher aus dem freyherrli=
1327 786 2382 889 chen Haus von Rehlingen auf Radaun
1327 853 2382 956 entsprossen / und Annô 1724. den 9ten
1326 923 2380 1022 Januarii durch einstimmig / Canonische
1326 982 2382 1085 Wahl zum Fürsten des Heil. R. Reichs /
1326 1046 2382 1154 und des alhiesig Hochfürstl. Stifts=
1324 1113 2378 1222 Probsten Ord. Can. Reg. S. Augustini.
1323 1179 2374 1281 welchen Sie vorhin / als respectivè De-
1323 1250 2374 1348 chant und Canonicus 40. Jahr vorge=
1320 1311 2372 1411 standen waren / erwehlet worden / an=
1322 1382 2374 1482 heute den 19den / nachdeme Sie sich
1318 1442 2370 1544 bey guter Vernunft / und Verstand /
1315 1515 2368 1604 mit allen Heiligen Sacramenten verse=
1314 1578 2365 1668 hen lassen / gantz sanft in GOtt ent=
1310 1635 2363 1731 schlaffen seye / kommt von hieraus / zu
1310 1702 2361 1811 unserem grössesten Leid=Wesen zu be=
1310 1763 1505 1864 richten.
1527 1834 2148 1919 Hannover 26. Junii.
1374 1888 2358 1992 Den 24ten Dieses des Morgens / als
1306 1956 2358 2056 Jhre Königl. Majestät von Groß Bri=
1305 2027 2358 2121 tannien durch das Bückeburgische ge=
1304 2091 2354 2185 kommen / haben dieselbe dem Hrn. Gra=
1304 2157 2354 2252 fen von Schaumburg=Lippe die Gnade
1303 2226 2354 2321 gethan / bey der Land=Wehr / alwo Se.
1300 2293 2350 2386 Excell. Zelte auf=schlagen und ein Frü=
1301 2354 2347 2452 he=stuck zubereiten lassen / abzutretten:
1299 2422 2347 2515 des Hrn. Grafens Frau Gemahlin Jh=
1296 2487 2346 2583 re Durchl. die Fürstin und die beede jun=
1295 2550 2344 2647 ge Herren Grafen / haben gleichfals da=
1295 2619 2344 2713 selbst Jhro Majestät die Aufwartung ge=
1293 2687 2344 2773 macht; welche nach einer kleinen Ver=
1291 2752 2337 2842 weilung Sich wieder in den Wagen be
1290 2817 2336 2919 geben / und denselben nach= Mittag um
1288 2885 2168 2992 3. Uhr alhier angekomnen seynd.
2154 2930 2338 3056 Wien
