2407 3324
164 111 1225 215 den. Die Directores der Ost=Jndi=
161 186 1221 286 schen Compagnie haben befohlen / ihre
167 260 1222 354 Jagt / Jndia genanut / in möglichster
168 325 1226 420 Eile auszurüsten / welche in dem Canal
169 389 1222 477 kreutzen solle / um / wie verlautet / ei=
170 458 1223 553 ne gewise Person / so in England erwar=
168 526 1222 620 tet wird / aufzufangen. Vorgestern
167 585 1226 682 wurde im Unter=Hause befohlen / die
167 652 1222 747 Bill / das rechtmässige Commercium
173 717 1223 814 deren Engländern nach Ost=Jndien zu
167 788 1225 877 versicheren / rc. in das reine zu schrei=
169 846 1225 944 ben / und gestern / nach der dritten Ver=
167 914 1222 1007 lesung passirten sie dieselbe und sandten
165 985 1223 1079 sie an die Lords. Hernach hielten sie
168 1045 1219 1146 den am Freitag gefasten Schluß wegen
168 1117 1225 1213 der Grönlandischen Fischerey genehm /
164 1184 1222 1276 und befahlen / eine Bill einzubringen /
164 1251 1222 1337 daß jedermann erlaubet seyn solle / mit
167 1316 1222 1406 Engländischen Schiffen Fischbein und
167 1379 1223 1476 Trahn aus Grönland und der Strasse
164 1448 1225 1541 Davids 7. nacheinander folgende Jah=
168 1514 1222 1609 re / vom 25sten December 1731. anzu=
167 1579 1222 1672 rechen / ohne einigen Zoll davon zu be=
164 1647 1222 1731 zahlen / einzubringen. Diese Bill wur=
168 1710 1226 1813 de gleich zum ersten= und heute zum an=
164 1775 607 1863 dernmal gelesen.
446 1840 962 1921 Aus Niederland.
425 1905 991 1987 Brüssel 20. May.
233 1958 1225 2055 Unsere Durchl. Gubernantin hat die
168 2023 1224 2123 Dame Magdalena von Kessel zur Abtis=
165 2104 1225 2199 sin von dem in der Provintz Braband
168 2165 1217 2254 gelegenen Closter von U. L. Frauen von
175 2233 1229 2320 Wautibraine ernennet. Es ist der Be=
169 2301 1228 2390 fehl ertheilet worden / an denen Fe=
170 2366 1225 2454 stungs=werken von dem Port Philipp
198 2430 1225 2526 zu arbeiten / so werden auch die Wer=
199 2498 1225 2600 ker von denen Festungen Mons, Ath,
173 2565 1225 2671 Charleroy, &c. ersetzet und verbesseret.
470 2627 929 2719 Haag 20. May.
235 2677 1225 2782 Der Herr Gansinot / ausserordentli=
191 2761 1225 2849 cher Gesandter derer Chur=Fürsten von
232 2827 1225 2914 Cöln / Bayern und Pfaltz / hat von
176 2893 1225 3003 dem letzteren ein Schreiben an die Her=
1275 123 2381 239 ren General=Staaten / worinnen de=
1273 204 2370 301 nenselben das Absterben Dero Herrn
1273 267 2373 373 Bruders des Chur=Fürsten zu Maintz
1275 334 2370 431 bekannt gemachet wird / übergeben:
1275 401 2371 501 hierauf hat der Herr Agent Bayerle
1276 465 2363 573 das Condolentz=Compliment in Jhren
1276 529 2364 637 Hochmögenden Namen darüber bey
1277 600 2359 699 dem vorgedachten Minister abgeleget;
1275 662 2363 773 und solle die schriftliche Antwort des
1276 728 2356 822 Staats durch unseren Minister an Se.
1277 795 2356 919 Chur=Fürstl. Durchl. von der Pfaltz
1276 863 1876 961 eingehändiget werden.
1502 933 2127 1021 Aus Jngermanland.
1500 1004 2114 1092 Petersburg 2. May.
1340 1059 2353 1156 Alhier ist folgende Ukase kund gema=
1278 1123 2353 1228 chet: // Nachdeme bishero verschiede=
1274 1196 2351 1290 // ne das Reich und die Regierung an=
1274 1259 2350 1359 // gehende Verordnungen gemachet wor=
1276 1334 2355 1426 // den / und annoch wegen besserer Ord=
1274 1399 2342 1491 // nung und richtiger Ausrechnung al=
1274 1459 2346 1556 // ler der Reichs=Cassa zugehörigen
1274 1523 2351 1618 // Geld=Proviand- und anderen Ein=
1274 1592 2342 1683 // nahmen und Ausgaben gemachet wer=
1274 1655 2341 1745 // den; daß wir deswegen auch an alle
1270 1717 2318 1809 // die jenigen Aemter / welche bis auf
1270 1781 2346 1870 // gegenwärtiges Jahr dergleichen
1276 1838 2345 1925 // Reichs=Einnahmen und Ausgaben
1274 1897 2345 1991 // zu besorgen haben / unseren Befehl
1275 1967 2339 2058 // ergehen lassen / um besagte Einnah=
1278 2031 2342 2126 // men und Ausgaben ohne Nachsehen
1275 2103 2341 2190 // nochmalen nachzurechnen / und als=
1278 2166 2338 2258 // dann die gezehlte Gelder / so wie auch
1278 2231 2338 2322 // alle übrige Restantzien / auf das
1282 2295 2334 2397 // schärfeste auf=suchen und einfordern zu
1278 2363 2334 2454 // lassen. Wobey / wann irgend ein
1278 2422 2326 2515 // Betrug darunter vorgegangen / nach
1276 2495 2335 2586 // selbigen alsdann geforschet und wider
1278 2555 2333 2653 // die Schuldigen denen Reichs=Gese=
1278 2627 2334 2721 // tzen gemäß verfahren werden solle.
1278 2690 2342 2788 // Ob nun gleich auch verordnet ist /
1275 2758 2330 2849 // nicht nur die jenigen zur scharfen
1274 2825 2329 2914 // Züchtigung zu ziehen / welche bey
1275 2886 2319 2984 // Geld=Proviand und anderen Reichs=
2107 2887 2343 3075 // Ein=
