2386 3308
39 123 1106 251 // Einnahmen und Ausgaben falsche
44 215 1106 320 // Rechnungen machen / sondern ihnen
47 276 1110 379 // auch so gar die Lebens=Straffe des=
48 345 1110 445 // wegen verordnet ist / aber dem un=
49 401 1113 512 // geachtet bey jetzigen Rechnungen sich
48 475 1114 578 // sehr viele finden / welche ohne alle
51 538 1117 642 // Forcht fr GOtt und mit Hindann=
52 606 1114 706 // setung ihrer Treue und geleisteten
55 673 1118 774 // Eides in dieser Ubertrettung betrof=
56 737 1118 839 // fen werden / und nur um des verfluch=
56 804 1121 911 // ten Geitzes Willen nicht allein solcher
58 871 1121 967 // scharfen Untersuchung und Straffe
59 942 1122 1035 // sich blo stellen / sondern auch ihre
58 998 1122 1098 // Seele selbst in das Verderben str=
63 1071 1122 1168 // tzen. Wir aber nicht sehen wol=
55 1132 1126 1230 // len / da jemand sich selbst in solche
40 1200 1122 1303 // scharfe Untersuchung / Strafe und so
56 1265 1122 1360 // gar in Seelen=verderbnu mutwillig
56 1332 1125 1436 // strtze; so befehlen Wir hiermit / da
60 1395 1125 1494 // die jenige / welchen solches Amts=
59 1465 1129 1556 // und Standes=halber obliget / richti=
62 1529 1122 1618 // ge und klare Rechnungen ber alle
58 1592 1122 1684 // Reichs=Einknfte und Ausgaben
59 1654 1126 1747 // bey Vermeidung oben angedeuteter
62 1719 1123 1808 // Untersuchung und scharfen Zchti=
63 1774 1126 1878 // gung / ja auch Lebens=Straffe ver=
63 1844 1121 1945 // fertigen mgen. Jmgleichen wird
63 1911 1118 2004 // denen jenigen hiemit angedeutet /
63 1982 1122 2076 // welche zugezehlte Gelder und allerhand
67 2044 1123 2140 // Cassen=Schulden / auch zur Reichs=
66 2112 1121 2203 // Cassa gehrige Ausstnde / in ihren
64 2167 1123 2267 // Rechnungen haben / da sie solche
66 2240 1122 2335 // gehriger Orten ungesaumet und oh=
67 2311 1122 2398 // ne alle Verhelungen angeben und fer=
67 2370 1122 2470 // ners nicht mehr von solcher Reichs=
63 2441 1121 2533 // Cassa nutzen mgen. Jn Betrach=
63 2505 1122 2600 // tung dessen dann auch unsere Gnade
64 2571 1122 2663 // ihnen darinnen solle erzeiget werden /
67 2640 1122 2731 // da sie 1) von der Untersuchung
67 2702 1122 2794 // und Straffe sollen befreyet seyn /
74 2771 1125 2861 // und 2) da wann jemand nicht im
78 2834 1122 2925 // Stande seyn wrde / solche Schuld
80 2904 1122 3021 // an die Reichs=Cassa auf einmal zu
1162 116 2219 232 // bezahlen / ihme ein Termin zur Zah=
1164 196 2224 297 // lung solle gesetzet werden. Daferne
1162 265 2223 359 // aber jemand diese unsere Milde und
1166 336 2231 423 // Gte nicht achten wrde / so solle wi=
1165 399 2227 492 // der selbigen ohne alles Nachsehen ver=
1169 466 2226 559 // fahren werden. Jndessen / was die
1168 527 2224 625 // hier gedachte Ausstnden betrift / so
1169 596 2213 692 // wollen wir hiermit nicht die jenige /
1169 666 2219 753 // welche bereits angegeben / und durch
1169 733 2221 824 // unsere Ukasen aufzusuchen und einzu=
1169 795 2223 890 // treiben befohlen worden / sondern die
1171 865 2223 956 // verstanden haben / welche noch nicht
1170 928 2219 1020 // gewi bekannt / und die man durch
1170 992 2218 1086 // Nachlssigkeit und Schalkheit derer
1173 1060 2219 1149 // Richtern / wie auch Prtensionen und
1173 1125 2219 1219 // Arglistigkeit derer Schuldnern seit
1170 1191 2221 1298 // 1719. hat auf=lauffen/ auch bis auf
1171 1262 2184 1362 // jetzige Zeit nicht einfordern lassen rc.
1444 1329 1936 1414 Aus Schweden.
1398 1384 1986 1484 Stokholm 7. May.
1227 1443 2218 1550 Vor etlichen Tagen passirte hier ein
1177 1512 2221 1615 betrbter und unglklicher Zufall / in=
1176 1589 2219 1680 deme eine gewisse Frau ihr eigenes Kind /
1175 1654 2223 1741 ein Mgdlein von 4. Jahren / jmmer=
1175 1719 2221 1807 lich ermordet / und selbigem den Hals
1176 1782 2221 1877 abgeschnitten hat; da aber diese Frau
1175 1847 2222 1938 seit der vor einigen Jahren in der Schmi=
1176 1908 2219 2006 de=gasse alhier entstandenen Feuers=
1175 1976 2221 2070 Brunst / wie sie eben 2. Tage im Kind=
1176 2045 2226 2137 behte gelegen / und sich also aus dem
1177 2105 2223 2204 Feuer / worinnen sie ihr Haus und Gut
1175 2173 2226 2269 verloren / wegtragen lassen mssen / ih=
1175 2236 2226 2335 res Verstandes beraubet gewesen; so
1175 2303 2222 2407 wird sie anjetzo bewachet / und wei man
1175 2378 2225 2472 noch nicht / was weiter mit ihr gesche=
1175 2441 2229 2535 hen werde. Ein Schreiber hatte dieser
1172 2502 2222 2602 Tagen auch das Unglck / da ein Rohr/
1174 2574 2219 2670 welches er abschiessen wolte / in Stcken
1171 2644 2222 2742 zersprang und ihme ein Auge ausschlug/
1172 2703 2115 2813 auch den halben Backen wegnahm.
1439 2767 1949 2862 Aus Dnnemark.
1330 2840 2030 2932 Copenhagen 17. May.
1169 2897 2218 3001 Vorigen Mittwochen war der Herr
1224 2982 1696 3071 )( 2
1696 2978 2200 3071 Gra
