2393 3297
28 116 2198 245 Anno 1732. (Anhang zu Num. 44.) 31. Maji.
304 256 830 342 Aus Niederland.
222 311 905 405 Amsterdam / 20. May.
87 389 1091 485 Man siehet hier einen Brief von dem Capi=
33 443 1097 537 tain Wilson auf dem Schife Neptunus / ge=
29 506 1091 592 schrieben den 19. Mertz zu Alicante / als er
34 567 793 654 daselbst van Algiers angelanget:
31 620 1092 719 // EJn Gesandter des Frantzsischen Hofes
35 684 1092 768 // an den Dey von Algiers / gieng zu
34 740 1091 833 //Marsilien / 10. Tag vor meiner dortigen
37 785 1091 886 //Abreise / zu Schife. As er zu Algier an=
38 854 1094 936 // gekommen / meldete er dem Dey an / wie
37 901 1092 991 // da ich zu Marsilien wre / und man mir
38 959 1091 1052 // mein Schif und Ladung / mit Vergtung
108 1024 1091 1105 // des Schadens / frey gegeben htte. Der
38 1066 1091 1164 // Dey verehrte diesem Minister etliche Pferde
111 1132 1091 1213 // fr seinen hohen Principalen / welche auf
38 1178 1090 1269 // ein Frantzsisches Schif gebracht wurden.
37 1230 1090 1323 // Als mein Schif in das Gesicht des Hafens
41 1296 1088 1378 // kam / lie der Dey den Gesandten sagen /
38 1352 1090 1437 // er mste nicht eher wegsegeln bis er mich
42 1406 1088 1487 // gesprochen htte. Sobald ich nun vollends
42 1461 1087 1546 // angelanget / erhub ich mich zu dem Dey /
42 1511 1087 1597 // der dann zu mir sagte / er zweiffelte nicht /
39 1567 1084 1655 // ich wrde von denen Frantzosen wegen Weg
39 1619 1087 1703 // nehmung / Plnderung und Anhaltung
42 1665 1087 1756 // meines Schiffes / vollkommene Ersetzung
59 1723 1091 1808 // bekommen haben. Jch antwortete ihme /
63 1774 1092 1867 // wie da ich nichts weiter als mein Schif
62 1832 1086 1918 // und Ladung erhalten knnen. Darauf for=
62 1879 1087 1981 // derte er unverweilt den Gesandten und Fran=
55 1934 1087 2030 // tzsischen Consul zu sich / und fragte sie /
49 2000 1088 2082 // was sie mit dem ihm ertheilten falschen Be=
64 2048 1088 2137 // richt wohl fr ein Absehen fhreten? Gab
55 2102 1087 2196 // sodann dem erstgemeldten ein Schreiben an
67 2161 1087 2253 // seinen Knig / und befahl ihme dabey / mit
55 2219 1088 2306 // ehestem nach Frankreich zu kehren / weil er
55 2278 1091 2364 // gerne wissen wolte / ob er mit dieser Crone
114 2333 1091 2417 // in Frieden oder Kriege lebte? Wofern das
64 2385 1086 2473 // letztere / mchte man zwar Algiers immer=
67 2447 1088 2529 // hin bombardiren / man wrde aber dieser
62 2489 1094 2583 // Seits auch die jenige / so dergleichen auf
62 2550 1091 2637 // sich nehmen / mit aller Bereischaft zu em=
63 2607 1088 2699 // pfangen wisen. Er befahle zugleich dem
63 2664 1091 2751 // Frantzsischen Consul sich fortzupacken / aber
64 2721 1090 2806 // mir vorher Satisfaction verschaffen / weil
67 2777 1088 2866 // ich auf seine / des Dey / Ordre zu Bona
69 2832 1091 2916 // meine Ladung eingenommen htte. Nach=
105 2889 1088 2977 // dem er diesen beeden auf solche Art ihren
104 2941 1090 3028 // Abschied gegeben / entbotte er mich zu sich /
106 2998 1090 3081 // und sagte / die Crone Gros=Britannien w=
109 3060 1086 3138 // re dadurch mehr beleidiget als er / massen
71 3113 1083 3214 // die Frantzsische Kriegs=Schife so frech nicht
1145 255 2196 326 // seyn sollen / mir auf seinen Ksten etwas in
1144 303 2196 388 // den Wege zu legen: Mit der Anmerkung /
1141 353 2195 439 // wie da er sich in Gefahr setzte / sich einen
1142 412 2191 494 // Krjeg von Frankreich ber den Hals zu la=
1142 469 2196 543 // den / ber eine Sache / worber die Britannis.
1141 526 2191 603 // Nation / ihre Empfindlichkeit usseren solte.
1196 574 2190 664 Diesen Brief recht zu verstehen / mu man
1143 638 2194 716 wissen / da die Frantzosen vorgeben / das
1144 686 2194 768 Recht Korn zu Bona in Africa einzunehmen
1143 743 2192 823 allein zu haben / und unter solchem Vorwand
1143 800 2191 879 einige Holndische und Englndische Schiffe
1143 860 2194 936 angehalten / aber den Dey zu Algiers dadurch
1143 912 2190 991 erzrnet haben / da er befohlen / blo denen
1143 971 2188 1045 Hollndischen und Englndischen Kauf=leuten
1142 1025 2190 1101 zu Bona Getreide zukommen zu lassen / hin=
1144 1082 2156 1158 gegen an die Frantzosen nichts zu verkauffen.
1406 1140 1922 1249 Aus Teutschland.
1361 1210 1968 1313 Dresden / 17. May.
1200 1289 2193 1372 Von Gotha hat man / da nach erfolgten
1145 1345 2190 1428 Exequien von Jhro Hochfrstl. Durchl. den
1144 1402 2193 1479 jetzt=regierenden Herrn Hertzog / sowol unter
1145 1458 2193 1534 dero hohen als anderen Hof.=Bedienten / ver=
1144 1508 2193 1587 schiedene Vernderungen vorgenommen wor=
1147 1566 2194 1642 den. Man siehet auch nunmehro folgende Be=
1143 1624 2191 1698 schreibung derer in dem Castro Doloris zu
1148 1674 2189 1751 Gohta befindlich gewesenen Auf=schriften und
1143 1727 2191 1806 Sinn=bildern: Auf der Spitz=Saule zur Rech=
1143 1783 2186 1861 ten am Fu=gestell: Salve Deum gens, Fri-
1140 1838 2195 1918 derice optimus natalis Goth, die 28. Jul.
1141 1892 2191 1965 st. n. An. MDCLXXVI. Candidus nobis ve-
1141 1946 2194 2028 nit. Auf der Spitz Saule vorne: das Schlo
1141 2004 2191 2076 Frieden=Stein: Candido Natali. Ein Gra=
1140 2061 2191 2138 nat=Apfel auf einen Postement / mit dem Fr=
1139 2114 2190 2191 sten Mantel und Hut umgeben: Nativi Regni
1140 2169 2190 2241 Decus. Ein Bienen Stock: Clestia dona.
1145 2227 2190 2303 Hercules mit des Apollinis Harpfe: Hercu-
1141 2278 2190 2359 li musarum. Auf der Seite der Spitz=Saule:
1143 2333 2189 2418 Ein Kranich: Amore & providenti. Eine
1140 2390 2190 2472 Manns=Person mit einem langen Stab auf
1139 2446 2191 2523 einen Globum trettend / und darunter der Ele=
1138 2501 2190 2584 phanten=Orden: Honori Principis. Eiue si=
1139 2559 2186 2637 tzende Weibs=Person ihren Kindern ewas dar=
1139 2614 2197 2692 reichend: Optimo Principi. Ein Mann auf
1138 2670 2190 2750 einem Schif zur See / einen Schutz=Engel bey
1138 2725 2190 2807 sich habend: Felicium temporum conserva-
1139 2785 2190 2857 tori. Auf der anderen Spitz=Saule zur linken
1139 2839 2189 2913 Hand: das Altenburgische Schlo/ Hora ra-
1138 2891 2186 2969 puit diem. Eine bettende Person / an einen
1138 2951 2186 3028 Tisch / darauf der Frsten=Mantel und Hut:
1135 3010 2186 3082 Sic juvat ire sub umbras. 2. Engel in denen
1139 3061 2190 3155 Wolken mit Palm=Zweigen: termitas Prin-
2064 3119 2194 3198 cipis
