2415 3298
202 116 1271 209 cipis. Ein Globus: Indefessus agendo. Auf
201 184 1259 264 dem Fuß=gestell stunden die Worte: Monuit
202 237 1262 314 iste Fatalis Annus MDCCXXXII. Immor-
203 295 1262 374 talis quamvis Friderico nostro optando ta-=
203 347 1259 429 men non sperando esse; nam invida die
201 406 1263 482 XXIII. Martii hora nobis rapuit diem. Ei=
202 462 1262 539 ne Frauens= Person in der Rechten ein Buch /
202 515 1262 593 in der Linken ein Viel=Horn haltend / Libera-=
200 569 1259 651 litas Principis. Ein Adler / welcher mit sei=
202 626 1259 706 nen Jungen in die Sonnen flüget: Mei non
200 683 1259 761 degenerant. Die Beständigkeit 2. Fackeln hal=
197 737 1259 822 tend / mit der Beyschrift: Conjuge felix, fe-
200 794 1259 876 lix illa marito. Am Altar aber ware diese
198 842 1260 930 Schrift zu lesen: Exequias ite cives & Fri-
200 906 1259 986 derici II. Ducis Saxoniæ virtutibus, quas
198 957 1263 1041 olim admirati estis, illaorumate, letho da-
193 1013 1259 1093 tus est, magnum patris & avi incremen-
197 1069 1259 1149 tum, miserorum solamen, Ecclesiæ fulci-
196 1123 1257 1208 mentum, patriæ delicium, uno optimus
193 1181 1255 1262 Princeps est non lehto datus est, quippe
197 1234 1258 1316 qui felicis regiminis eximiorumque virtu-
197 1295 1257 1385 tum memoriâ immortalem consecutus est
196 1353 412 1418 gloriam.
365 1438 1253 1529 Aus Groß=Britannien.
449 1502 981 1584 Londen 13. May.
252 1562 1251 1644 Die Zeitung / welche die Ost=Jndische Com=
194 1622 1251 1700 pagnie unterm 23sten November vorigen Jahrs
198 1675 1251 1751 aus Bombay erhalten / und welcher wegen
194 1725 1251 1805 dieselbe den Schluß gefasset / ein Schif mit ei=
191 1780 1251 1864 ner guten Anzahl Soldaten / Gewehr und
193 1837 1251 1919 Kriegs=Munition in möglichster Eile dahin
193 1892 1048 1969 zu schicken / lautet folgender massen:
195 1942 1252 2047 WJr haben unlängst einen starken Anfall
324 2001 1252 2080 von denen zusammen gezogenen Völkern
191 2057 1254 2137 // des Savaroyer deren Wilden und des See=
195 2111 1252 2193 // Räubers Angrie / welcher jenem Schiffe
194 2167 1251 2249 // und Kriegs=Munition lieffert / gehabt.
189 2221 1255 2303 // Der Savaroyer sandte seinen obersten Heer=
191 2275 1252 2356 // führer / Moluch Zedann / mit 20000. Mann
191 2335 1255 2411 // aus / welche dann auf der sogenannten Al=
196 2382 1254 2466 // ten Weiber=Jnsul / nicht weit von hier / ei=
191 2442 1254 2524 // ne Landung thaten / jedoch von ungefehr
191 2495 1255 2575 // 400. tapferen Engländischen Soldaten /
187 2554 1255 2632 // unter Anführung des Hauptmanns South=
191 2610 1255 2702 // well / mit grossem Verlust zuruck getrieben
195 2666 1256 2744 // wurden. Hierauf wurde Moluch Zedan
189 2720 1255 2802 // auf Befehl des Savaroyer um das Leben ge=
192 2779 1255 2851 // bracht / und Hamet Zellon mit 20000. fri=
189 2830 1256 2913 // schen Leuten an dessen Stelle gesetzet. Die=
191 2885 1258 2966 // se nun stehen bereit den Platz nochmahls
194 2939 1258 3025 // anzugreiffen; man zweiffelt aber nicht /
189 2999 1259 3075 // die Engländer werden sie mit 500. Mann
184 3058 1260 3135 // wiederum abhalten / um desto mehr / wenn
175 3107 1263 3209 // die Europäische Schiffe zeitig von Bengala
1315 119 2382 219 // kommen: Wir haben hier zwar einige Re=
1315 186 2381 271 // cruten nöhtig / förchten uns aber vor einer
1311 241 2216 319 // Uberrumpelung im geringsten nicht.
1666 330 1998 408 Aus Jtalien.
1616 330 2061 466 Genua 15. May.
1366 421 2371 517 Mit Briefen aus Corsica unter Dato den
1284 488 2375 572 7den Dieses hat man / daß der Hr. General
1310 545 2372 627 Schmettau mit denen Truppen unter seinem
1310 604 2371 681 Commando zu Merosaglia seye / und man da=
1310 658 2367 739 selbst noch immer glüklich fortfahre / die Rebellen
1310 715 2366 797 unter den Gehorsam zu bringen / wie dann die
1310 767 2366 851 vornehmsten Pfarreyen sich bereits ergeben hät=
1311 825 2368 906 ten / und diesen die andere in der Menge / um die
1310 879 2368 962 Verzeihung anhaltend nachfolgten / auch die
1310 936 2366 1016 Waffen nider / und hingegen den Eid der Treue
1310 993 2364 1070 ablegten; so werde auch in kurtzen die Antwort
1308 1045 2364 1125 des Commandanten von S. Pelegrino anbetref=
1308 1101 2367 1182 fend die völlige Ubergebung derer übrigen Waf=
1310 1159 2366 1237 fen von Casinca, Tavagna, und Moriano er=
1308 1214 2360 1292 wartet / massen diese albereits / damit sie von der
1308 1269 2363 1361 beborstehenden Straffe befreyet bleiben mögen /
1308 1324 1915 1400 sich zu ergeben anerbotten.
1364 1374 2361 1460 Man hat ebenfals durch gedachte Briefe / daß
1308 1434 2358 1514 der Printz von Würtemberg mit denen übrigen
1305 1488 2361 1570 Völkern über den Fluß Golo gesetzet / und daselbst
1306 1544 2292 1618 die Rebellen sehr eifrig bezwinge / und damit er
1302 1598 2331 1666 füglicher in die Orte / woselbst ein Exempel der
1305 1643 2353 1722 Strenge zu statuiren seyn wird / einkommen mö=
1305 1697 2355 1781 ge / ein grosses Magatzin / und Lager zu Cortio
1306 1754 1743 1824 aufgeschlagen habe.
1358 1793 2353 1880 Die letzteren Briefe von Ajaccio unter Dato
1308 1859 2335 1936 den 4ten Dieses bringen / daß der Hr. Obriste Ve-
1307 1914 2284 1992 la den 2ten Dieses mit seinen Truppen / und ei=
1307 1967 2341 2051 ner guten Anzahl Bürgern von dannen aus / und
1309 2023 2247 2101 nacher Talavo marschiret seye / daselbst zu ver=
1308 2078 2253 2159 schiedenen mahlen die Rebellen in die Flucht ge=
1309 2137 2313 2216 triben / und den Ort Appietto eingenommen / je=
1309 2192 2316 2267 doch auf inständiges Bitten derer Jnwohnern /
1309 2244 2220 2323 welche alsobald die Waffen nidergeleget / nicht
1312 2300 2318 2377 anzünden lassen habe; als sodann die Truppen
1309 2358 2318 2431 weiter nacher Calcotaggio marschiret / wären
1311 2410 2307 2491 sie unterweges von denen Bauren von Ginner-
1311 2469 2325 2547 ca, und denen aus dasiger Gegend / welche alle
1311 2523 2312 2600 Anhöhe innen hatten / angefallen worden / al=
1311 2581 2276 2652 lein solche wurden durch tapferen Widerstand aus
1312 2634 2327 2702 ihren Posten glüklich weg getriben / und daurete darbey
1311 2685 2316 2751 das beederseitige Feuer bis 2. Täge / dis besagter Hr.
1309 2733 2322 2798 Obriste einen Theil seiner Truppen durch einen anderen
1312 2781 2304 2849 Weg gegen die Rebellen abschikte / während deme aber
1312 2827 2307 2894 mit denen seinigen sie verfolgte / und sich also den Weg
1311 2877 2292 2944 in das offene Land / welches darauf durchgehends ange=
1315 2923 2298 2995 zündet wurde / bahnte. Bey dieser Action ist eine nicht
1317 2972 2303 3041 geringe Anzahl Rebellen / und unter denen auch einer
1317 3018 2315 3086 aus ihren Häuptern genannt Xaverius Gentile todt ge=
1317 3066 2321 3138 blieben / von Seiten der Republic aber werden zwischen
1317 3118 2274 3208 Todten /und Verwundeten über 20. nicht gezehlet.
