2420 3313
90 142 592 246 Anno 1732. (Num. 42.) 24. Maji.
889 255 1458 408 Wienerisches
618 374 1769 544 DIARIUM.
294 508 2069 635 Mit Jhrer Röm. Kaiserl. und Cathol. Majestät Freyheit.
77 582 2291 746 Zu finden in der Kaiserlichen Hof=Buchdruckerey / gegen dem Hof=
492 681 1870 779 Ball=Haus über / bey Johann Peter v. Ghelen.
399 765 844 895 Aus Spanien.
360 861 907 943 Cadix 15. Martii.
257 908 1166 1012 MAn hat auf das Neue Befehl von
327 991 1166 1076 Hof bekommen alle in der al=
326 1052 1167 1150 hiesigen Bay sich befindende
107 1111 1163 1214 Schiffe anzuhalten / um sich derenselben
103 1189 1167 1280 zur Einschiffung deren Truppen / Muni=
107 1259 1164 1350 tions und dergleichen zu bedienen: jene
107 1319 1164 1415 Schiffe / welche bereits ihre völlige La=
103 1390 1168 1481 dung haben / haben zwar angehalten ab=
102 1451 1170 1546 segeln zu können / sie können es aber
106 1521 1166 1608 bis jetzo noch nicht erhalten. Die Kriegs=
103 1581 1164 1671 Schiffe / so bey der vorhabenden Un=
103 1637 1168 1733 ternehmung dienen sollen / seynd von
99 1700 1166 1787 hier nacher Alicante, alwo der Gene=
102 1758 1164 1849 ral Sammel=Platz der Flotte ist / abges=
99 1824 1163 1917 segelt. Auf Befehl des Hofes wird
106 1892 1164 1983 nunmehro denen Eignern das Silber /
100 1958 1162 2054 die Cochenillie und die andere von dem
100 2024 1158 2116 jüngsthin von Vera-Cruz angekomme=
100 2090 1159 2187 nen Register=Schif überbrachte Waa=
99 2154 1155 2249 ren / gegen Erlegung von 9. pro Cen-
99 2218 1152 2317 to für das Silber und die Cochenille,
98 2289 1151 2389 und von 5. pro Cento für die andere
96 2354 731 2453 Waaren / ausgetheilet.
416 2444 822 2562 Aus Jtalien.
267 2550 976 2646 Aus Savoyen 9. May.
158 2608 1141 2714 Von Montpelier aus Languedoc wird
91 2686 1138 2783 geschrieben / daß der in der Landes=
88 2743 1137 2850 Gegend von Rovergue gefangene Pre=
86 2819 1134 2918 dicant / wovon schon jüngst hin Erweh=
83 2885 1132 3007 rung beschehen / zu Ende des verwiche=
1207 794 2269 881 nen Monats unter Rührung der Trom=
1207 857 2256 952 mel aufgehenket worden seye. Die ver=
1207 920 2273 1015 wichenen Dienstag aus Spanien ange=
1210 989 2269 1079 langt letztere Briefe thun noch keine Mel=
1211 1060 2265 1149 dung von der Abreise der Spanischen
1211 1124 2269 1215 Kriegs=Flotte / sondern bestättigten al=
1212 1187 2265 1286 len / daß der Barbarische König von
1211 1254 2269 1345 Marocco über die Rebellen einen voll=
1211 1320 2263 1411 kommenden Sieg erhalten / deren Ober=
1212 1387 2264 1481 haupt gefangen bekommen / deme ein
1211 1451 2263 1544 Glied nach dem andern von dem Leibe
1211 1514 2260 1610 abschneiden / und hiemit grausamlich
1210 1578 2260 1677 hätte hinrichten lassen / welches auch an
1211 1648 2256 1745 anderen Rebellischen Ober=häuptern und
1391 1716 2263 1807 denen vornehmen Mohren so in der
1211 1768 2257 1876 Schlacht gefangen worden / vollzogen
1210 1837 2261 1939 wurde. Man versichert / daß hier=
1207 1899 2259 2003 durch dieses Mohrische Königreich wie=
1206 1968 2257 2078 der werde in Ruhe gesetzet werden können.
1444 2038 2006 2130 Venedig 10. May.
1199 2089 2258 2204 Anbelangend die Vieh=seuche in un=
1196 2158 2252 2271 serem festen Lande lauffen immer bessere
1345 2227 2251 2335 Nachrichten ein / und erfahret man / daß
1195 2292 2247 2402 fast etliche Stuck / die mit diesem Ubel
1191 2370 2243 2474 bereits behaftet gewesen / mit denen von
1188 2436 2242 2539 unserem Gesundheits=Rath allgemein=
1186 2505 2242 2599 vorgeschribenen Mitteln davon befreyet
1186 2568 2239 2665 werden. Samstags empfienge man über
1183 2632 2237 2734 Land Briefe von Constantinopel unterm
1183 2704 2237 2793 Dato den 6ten April / diese melden /
1182 2769 2235 2866 daß der neue Groß=Vezier wieder ab=
1178 2839 2235 2930 gesetzet / und nacher Trabisonda relegi-
1174 2904 2229 3017 ret / auch alda Wachten um sein Haus
1709 3000 1717 3024 )(
1717 2990 2237 3073 ges
