2456 3302
170 112 1232 230 gesetzet worden; unterdessen vertrette
164 203 1228 287 der Testerdar dessen Stelle / bis der
166 263 1115 360 Seraskier von der Ottomannischen Ar-
168 333 1228 423 mée in Persien zuruck kommen wird.
168 402 1228 488 So solle auch das Murren des gemeinen
171 468 1228 548 Volks / wegen deren in dem von dem
171 527 1230 619 Bassa von Babylonien mit Persien ge=
167 594 1231 689 schlossenen Frieden eingegangenen Be=
167 664 1228 753 dingnussen immerfort dauren; die Armée
170 729 1226 823 in Persien solle auch darüber in grosser
171 788 1231 881 Bewegung stehen / und der comandi-
174 855 1228 949 rende Bassa zu Tauris die Festung denen
171 923 1232 1024 Persianern nicht einhändigen wollen;
170 990 1226 1084 jedoch seye ihm von dem Groß=Sultan
175 1059 1230 1151 der ausdrukliche Befehl darzu übersen=
175 1116 1232 1223 det worden / massen sothane Einhändi=
175 1193 1230 1287 gung der gesamte Divan, wie jüngst ge=
176 1256 897 1356 meldet worden / gebilliget.
349 1356 1053 1455 Aus Groß=Britannien.
455 1448 965 1540 Londen 2. May.
249 1511 1234 1616 Das Parlament ist noch immer mit
184 1583 1235 1677 Einrichtung deren obhabenden Reichs=
185 1650 1238 1742 Geschäften bemühet; und weilen die
181 1713 1236 1806 Pfarreyen oder Gemeinden in England
222 1781 1239 1877 begehret / daß sie von Verpflegung
189 1838 1240 1937 deren in jeder Gemeind erzeugend ohn=
186 1906 1242 2004 ehlichen Kindern enthoben werden möch=
189 1971 1246 2072 ten / so ist ihnen solches dannoch ver=
186 2041 1247 2135 weigeret worden. Am abgewichenen
188 2105 1250 2206 Freitag wurde die Königin in dem Saal
193 2172 1250 2265 des Pallasts zu St. James von einer
196 2233 1252 2335 plötzlichen Unpäßlichkeit befallen / so daß
194 2298 1253 2403 Jhre Majestät genöhtiget wurden sich
194 2369 1252 2468 zu retiriren / gegen Abend liessen sich die=
197 2433 1255 2528 selben von neuen einige Augenblicke in
197 2500 1257 2594 demselben sehen / des folgenden Tages
198 2565 1260 2660 aber als am Geburts=Fest des Hertzogs
201 2634 1259 2725 von Cumberland / welcher das zwölfte
201 2704 1260 2794 Jahr seines Alters angetretten / em=
203 2762 1263 2863 pfiengen Jhre Majestät desfalls die
206 2821 1261 2926 Complimenten von einer grossen Anzahl
206 2894 1265 3007 Standes=Personen / und des Abends
1279 117 2351 223 wurde in dem Zimmer der Prinzessin
1280 202 2353 288 Maria Ball gehalten; wobey sich bee=
1280 267 2353 361 de Majestäten benebst vielen jungen Per=
1277 330 2350 420 sonen vom ersten Rang befanden. Es
1282 399 2353 485 haben sich bereits alle Königl. Jachten
1284 467 2351 554 nach Greenwich begeben / die Einschif=
1282 529 2353 622 fung Jhrer Majestät/ deren Abreise nach
1285 594 2354 684 Hannover den 21sten Dieses fest=ge=
1285 663 2347 748 stellet bleibet / daselbst zu erwarten.
1284 727 2346 820 Den 28sten April ist der Capitain Le=
1285 792 2346 886 stock mit denen Krieges=schiffen King=
1288 855 2343 954 ston und Rupert / von Spithead nach
1288 926 2346 1017 Jamaica zu Segel gegangen. Der Lord
1288 992 2347 1084 Malpas / des Printzen von Wallis
1288 1057 2346 1154 Obrist=Stall=meister / hat die Zeitung
1288 1125 2349 1216 erhalten / daß das Engländische Schif /
1289 1191 2340 1281 worauf die Leiche seiner unlängst in
1292 1259 2346 1345 Frankreich verstorbenen Gemahlin des
1289 1318 2345 1414 Ritters Robert Walpole Tochter / nebst
1290 1391 2347 1488 2. Lackeyen und vieler Bagage sich be=
1288 1455 2346 1546 funden / auf der Frantzösischen Kü=
1289 1529 2342 1626 ste zu Grunde gegangen seye. Am
1292 1586 2354 1678 Sonn=abend ware in dem Gerichte
1724 1631 2351 1716 zu Westmünster eine gewisse Frau / Ma=
1289 1695 2346 1790 ria Oliphant / welche einen Bedienten
1296 1755 2350 1861 des Printzens von Wallis beschimpfet
1294 1821 2354 1926 und geschlagen hat / verurtheilet ge=
1296 1883 2353 1991 geisselt zu werden. Desselbigen Tages
1300 1955 2350 2048 war ein Mann nach Newgate gebracht /
1298 2021 2354 2118 weilen er seine Frau auf=hangen wollen /
1300 2084 2354 2187 indeme er dieselbe an einen Pfeiler in
1302 2151 2354 2253 seiner Cammer angebunden / einige Nach=
1309 2216 2358 2314 barn aber / die auf das Geschrey her=
1305 2278 2358 2390 zugelauffen / schnitten den Strick loß /
1306 2349 2359 2448 und erquikten die Frau / daß sie wie=
1306 2414 2359 2516 der zu sich selbst kam. Jn dem gedach=
1312 2475 2358 2584 ten Gefängnusse sitzen dermalen über 80.
1309 2544 2358 2649 Gefangene / welche bey denen Sitzun=
1310 2614 2357 2710 gen der Old=baily / die Morgen einen
1310 2675 2358 2781 Anfang nehmen / verurtheilet werden
1312 2741 2361 2842 sollen. Nachdeme eines alhier in der
1314 2805 2362 2911 Mohren=Strasse wohnhaften Buchbin=
1314 2869 2366 3001 ders Behausung den 29sten April des
2210 2930 2369 3042 Morg
