2442 3320
102 105 1173 218 Morgens etliche Stunden über die ge=
106 187 1174 286 wöhnliche Zeit verschlossen geblieben /
106 254 1175 351 erbrachen die Nachbarn die Thüre / und
109 319 1177 416 erblikten ein grausliches Schau=Spiel /
106 380 1174 482 nemlich den Mann und seine groß=schwan=
110 451 1177 547 gere Frau gerade gegenüber einander
111 515 1177 610 hangend / und zwar jenen in einer si=
113 582 1177 680 tzenden / diese aber knienden Gestalt;
111 649 1175 747 nebst einem 2=jährigen Kinde / deme die
113 716 1175 815 Hirn=Schaal mit einem Hammer ein=
115 778 1172 880 geschlagen gewesen / welches man muth=
113 846 1173 943 masset die Eltern selbst gethan / und sich
114 912 1170 1009 hernach durch Verzweifelung über ihre
114 978 1172 1072 schwere Armut erhenket zu haben. Zu
114 1039 1170 1138 Rothrath in Jrrland / unweit Dublin /
118 1113 1174 1209 hat ein böser Mann 3. seiner Kinder
114 1174 1170 1271 nemlich 2. Töchter von 19. und 9. Jah=
114 1242 1168 1337 ren / und 1. Sohn von 16. Jahren im
114 1308 1170 1408 Schlaf ermordet / gleich er seiner Frau /
111 1375 1168 1471 und noch einer anderen Tochter thun
115 1438 1170 1540 wollen / die doch mit genauer Noht
113 1501 1169 1599 entflüchtet; der Mörder aber ist er=
109 1566 1166 1664 tappet und in die Keiche geworfen
106 1643 330 1724 worden.
379 1693 890 1773 Londen 6. May.
178 1726 1164 1849 Den 2ten Dieses hatte der hier an=
113 1821 1162 1916 gelangte Sachsen=Gothaische ausser=
116 1889 1160 1976 ordentlicher Gesandter Herr von Thom
109 1950 1160 2048 seine erste besondere Audientz bey Jh=
108 2020 1160 2103 rer Königl. Majestät um seine Creden-
112 2079 1156 2170 tiales zu überliefern. Hernach hatte er
108 2149 1156 2241 ebenfalls bey Jhrer Majestät der Köni=
104 2220 1152 2309 gin in ihrem Zimmer; und gestern bey
107 2282 1152 2373 dem Printzen von Wallis / dem Hertzog
104 2348 1152 2440 vom Cumberland und denen fünf Kö=
103 2417 1148 2508 nigl. Printzessinnen Audientz. Am ob=
101 2480 1148 2574 gedachten Freytag erschiene Hr. David
101 2548 1147 2635 Ayery / welcher von der Commission
104 2609 1148 2708 über die Guthertzige Gesellschaft nach
98 2674 1148 2776 Frankreich gesandt gewesen / um die
100 2737 1144 2844 entwichenen Robinson und Thomson
95 2808 1128 2896 zur Ruck=kehr nach England zu vermö=
91 2878 1141 3002 gen / damit sie den wahren Zutand sel=
1230 106 2286 211 biger Compagnie darlegen könten / vor
1232 190 2299 275 der Commission, und empfieng Befehl /
1232 251 2297 346 als heute sich wieder vor derselben ein=
1230 321 2297 407 zustellen. Die Directores der Ost=Jn=
1233 380 2295 477 dischen Compagnie haben Befehl erthei=
1233 451 2301 543 let / eines ihrer Schiffe / die Maria ge=
1233 520 2294 605 nannt / so 36. Stücke und 90. Mann
1230 585 2295 675 führet / in aller Eil auszurüsten / und
1232 648 2292 743 mit Soldaten / Gewehr und Munition
1229 718 2292 805 zu versehen / damit selbiges ehistens nach
1232 783 2293 870 Bombay gesandt werden könne / weil
1232 841 2294 936 der bekannte See=Räuber Angria / wel=
1232 912 2294 1002 cher unserer Handlung dasiger Orten sehr
1230 982 2286 1067 hinderlich fällt / mit der Tochter des
1230 1045 2292 1135 Sauzogers der Heiden sich verheiratet
1230 1114 2289 1209 hat. Zu Falmouth haben die Post=
1229 1177 2290 1271 Beamte ein Paquet Diamanten mehr
1229 1242 2289 1333 als 3000. Pf. Sterl. wehrt / so von Lis=
1228 1311 2290 1402 sabon für Rechnung hiesiger Kauf=leute
1229 1378 2286 1463 gekommen / angehalten. Künftigen
1230 1444 2286 1529 Sonntag wird der Hof die Trauer für
1230 1502 2286 1613 dem verstorbenen Churfürsten zu Maintz
1230 1579 1452 1668 anlegen.
1488 1633 1999 1723 Londen 9. May.
1294 1696 2286 1794 Den 6ten Dieses wurde das Kriegs=
1225 1746 2287 1868 schif der Erfolg von dem 6sten Rang /
1225 1830 2283 1928 und zukünftige Wochen sollen noch 2.
1224 1899 2281 1996 Kriegs=schiffe nemlich die Dursley /
1223 1966 2281 2059 und das Gibraltar in Commision
1219 2030 2281 2128 gegeben werden. Vor 3. Tagen starbe
1219 2096 2278 2187 alhier Herr Johann Hopkins / hinter=
1217 2161 2279 2257 lassend einen Reichtum / wie man sagt /
1216 2227 2282 2329 von 300. tausend Pf. Sterl. Vorge=
1216 2291 2274 2389 stern verbliche auch der Brigadier-Ge-
1216 2360 2278 2465 neral Pocock. Gestern haben einige
1212 2420 2274 2518 auswärtige Ministern der bey dem
1212 2486 2270 2585 Staats=Secretario Lord Harrington
1207 2557 2270 2657 gehaltenen Conferenz beygewohnet:
1208 2622 2267 2722 worauf das Gerücht entstanden / daß
1207 2684 2262 2785 man ein Kriegs=Geschwader nach dem
1204 2752 2263 2851 Mittel=ländischen Meer senden / und
1202 2817 2266 2918 die Reise des Königs nacher Hanno=
1196 2880 2260 3007 ver für dieses Jahr vielleicht nicht vor
1261 2955 1693 3058 )( 2
1693 2963 2261 3056 sich
