<?xml version="1.0" encoding="UTF-8" standalone="yes"?>
<PcGts xmlns="http://schema.primaresearch.org/PAGE/gts/pagecontent/2013-07-15" xmlns:xsi="http://www.w3.org/2001/XMLSchema-instance" xsi:schemaLocation="http://schema.primaresearch.org/PAGE/gts/pagecontent/2013-07-15 http://schema.primaresearch.org/PAGE/gts/pagecontent/2013-07-15/pagecontent.xsd">
    <Metadata>
        <Creator>prov=University of Rostock/Institute of Mathematics/CITlab/Gundram Leifert/gundram.leifert@uni-rostock.de:name=best_net.sprnn::chars.txt:(v=1.0.2)
prov=University of Rostock/Institute of Mathematics/CITlab/Tobias Gruening/tobias.gruening@uni-rostock.de:name=de.uro.citlab.module.baseline2polygon.B2PSeamMultiOriented(v=1.0.1)
prov=University of Rostock/Institute of Mathematics/CITlab/Gundram Leifert/gundram.leifert@uni-rostock.de:name=net.sprnn:::(v=1.0.2)
prov=University of Rostock/Institute of Mathematics/CITlab/Tobias Gruening/tobias.gruening@uni-rostock.de:name=de.uro.citlab.module.baseline2polygon.B2PSeamMultiOriented(v=1.0.1)
</Creator>
        <Created>2017-06-01T09:58:15.206+02:00</Created>
        <LastChange>2018-04-30T16:01:04.860+02:00</LastChange>
        <Comments>
                Measurement unit: pixel
                PrimaryLanguage: German
                Language: GermanStandard
                Language: OldGerman
                Producer: ABBYY FineReader Engine 11</Comments>
        <TranskribusMetadata docId="20305" pageId="553889" pageNr="7" tsid="3298436" status="DONE" userId="7247" imgUrl="https://dbis-thure.uibk.ac.at/f/Get?id=MMBVLVCTAAFZWIVAHTCKSNMJ&amp;fileType=view" xmlUrl="https://dbis-thure.uibk.ac.at/f/Get?id=ZZIZTDHHYKHXJYDYYIVNICQN" imageId="458637"/>
    </Metadata>
    <Page imageFilename="553889.png" imageWidth="1644" imageHeight="2196">
        <PrintSpace>
            <Coords points="0,0 1644,0 1644,2196 0,2196"/>
        </PrintSpace>
        <ReadingOrder>
            <OrderedGroup id="ro_1525096969151" caption="Regions reading order">
                <RegionRefIndexed index="0" regionRef="r_1_1"/>
                <RegionRefIndexed index="2" regionRef="r_2_1"/>
                <RegionRefIndexed index="3" regionRef="r_2_2"/>
                <RegionRefIndexed index="4" regionRef="r_2_3"/>
                <RegionRefIndexed index="5" regionRef="r_3_1"/>
                <RegionRefIndexed index="7" regionRef="TextRegion_1502868035109_49"/>
                <RegionRefIndexed index="8" regionRef="TextRegion_1502868035109_48"/>
                <RegionRefIndexed index="9" regionRef="TextRegion_1502868052470_55"/>
                <RegionRefIndexed index="10" regionRef="TextRegion_1502868052470_54"/>
                <RegionRefIndexed index="11" regionRef="r_3_4"/>
                <RegionRefIndexed index="12" regionRef="TextRegion_1502868063838_61"/>
                <RegionRefIndexed index="13" regionRef="TextRegion_1502868063838_60"/>
                <RegionRefIndexed index="14" regionRef="r_3_6"/>
                <RegionRefIndexed index="15" regionRef="r_3_7"/>
                <RegionRefIndexed index="16" regionRef="r_3_8"/>
                <RegionRefIndexed index="17" regionRef="r_3_9"/>
                <RegionRefIndexed index="18" regionRef="TextRegion_1502868076492_69"/>
                <RegionRefIndexed index="19" regionRef="TextRegion_1502868089151_78"/>
                <RegionRefIndexed index="20" regionRef="r_3_12"/>
                <RegionRefIndexed index="21" regionRef="TextRegion_1502868102085_80"/>
                <RegionRefIndexed index="22" regionRef="TextRegion_1502868108516_90"/>
                <RegionRefIndexed index="23" regionRef="TextRegion_1502868116429_106"/>
                <RegionRefIndexed index="24" regionRef="TextRegion_1502868116429_105"/>
                <RegionRefIndexed index="25" regionRef="r_3_14"/>
                <RegionRefIndexed index="26" regionRef="r_3_15"/>
                <RegionRefIndexed index="27" regionRef="r_3_16"/>
            </OrderedGroup>
        </ReadingOrder>
        <TextRegion type="page-number" id="r_1_1" custom="readingOrder {index:0;} structure {type:page-number;}">
            <Coords points="624,52 948,52 948,103 624,103"/>
            <TextLine id="tl_1" primaryLanguage="German" custom="readingOrder {index:0;}">
                <Coords points="620,84 625,84 641,100 644,100 646,102 655,102 656,101 657,101 662,96 671,96 676,101 682,101 683,100 687,100 690,103 704,103 705,102 708,102 728,82 733,82 737,78 739,78 753,92 785,92 796,103 804,103 805,102 810,102 832,80 841,80 864,103 866,103 867,104 875,104 876,103 877,103 878,102 885,102 886,101 887,101 889,103 896,103 903,96 908,96 914,102 916,102 917,103 918,103 919,102 920,103 923,103 924,104 926,104 927,103 931,103 947,87 952,87 952,65 945,65 932,52 914,52 913,53 912,53 910,55 909,55 905,51 904,51 903,50 901,50 900,49 891,49 890,50 888,50 886,52 885,52 884,51 873,51 872,50 870,50 869,49 864,49 841,72 831,72 819,60 807,60 806,61 801,61 796,66 790,60 788,60 786,58 776,58 767,49 752,49 735,66 724,66 708,50 703,50 702,49 690,49 689,50 688,50 686,52 683,49 678,49 677,48 672,48 664,56 663,56 656,49 653,49 652,48 651,48 649,46 643,46 625,64 620,64"/>
                <Baseline points="747,88 825,87"/>
                <TextEquiv>
                    <Unicode>225</Unicode>
                </TextEquiv>
            </TextLine>
            <TextEquiv>
                <Unicode>225</Unicode>
            </TextEquiv>
        </TextRegion>
        <SeparatorRegion id="r_5" custom="readingOrder {index:1;}">
            <Coords points="212,102 674,102 674,112 212,112"/>
        </SeparatorRegion>
        <TextRegion type="paragraph" id="r_2_1" custom="readingOrder {index:2;}">
            <Coords points="58,119 753,119 753,1426 58,1426"/>
            <TextLine id="tl_2" primaryLanguage="German" custom="readingOrder {index:0;}">
                <Coords points="58,156 63,156 67,160 71,160 73,162 90,162 91,161 92,161 94,159 95,159 96,158 97,158 99,156 100,156 104,160 107,160 112,165 113,165 116,168 122,168 123,167 128,167 129,166 132,166 140,158 146,158 147,159 154,159 155,158 157,158 158,159 165,159 166,158 168,160 169,160 170,161 177,161 178,160 180,160 181,161 187,161 188,160 198,160 199,159 200,159 201,160 208,160 212,156 214,156 216,158 222,158 223,157 225,157 234,148 235,148 237,150 240,150 248,158 251,158 252,159 261,159 263,157 264,157 265,156 267,156 269,158 271,158 273,160 283,160 285,158 286,158 288,156 292,160 300,160 302,158 303,159 311,159 322,148 334,160 338,160 339,161 347,161 349,159 350,159 351,158 355,158 358,161 364,161 370,155 371,155 373,157 375,157 376,158 384,158 385,157 386,157 388,155 390,155 394,159 411,159 412,158 414,158 415,157 419,157 421,159 429,159 431,157 432,157 434,155 436,155 438,157 449,157 450,158 456,158 457,157 461,157 463,159 470,159 472,157 475,160 483,160 484,159 491,166 497,166 502,161 518,161 522,165 527,165 535,157 538,157 540,159 546,159 561,144 563,144 576,157 577,157 579,159 580,159 581,160 588,160 589,159 590,160 598,160 599,159 600,159 602,157 603,157 604,158 611,158 612,157 614,157 615,158 622,158 625,155 627,157 629,157 631,159 638,159 646,151 647,151 661,165 665,165 666,164 667,164 668,163 672,163 675,166 684,166 686,164 687,164 688,163 689,163 693,159 700,159 705,164 706,164 707,165 710,165 718,157 719,157 721,159 729,159 733,155 737,159 746,159 747,158 755,158 755,126 741,126 739,128 735,128 733,126 727,126 726,125 720,125 719,126 718,126 716,128 714,128 706,120 688,120 686,122 684,122 682,120 681,120 680,119 678,119 677,118 667,118 665,120 664,120 656,128 644,128 634,118 626,118 620,124 614,124 612,126 611,126 610,125 604,125 601,128 600,127 599,127 597,125 591,125 590,126 588,126 587,125 579,125 576,128 559,128 555,124 548,124 544,128 534,128 525,119 515,119 514,120 513,120 511,118 506,118 505,117 499,117 498,118 493,118 487,124 486,123 476,123 469,116 463,116 462,117 461,117 453,125 445,125 444,124 438,124 435,127 431,127 430,126 424,126 423,127 420,127 413,120 402,120 401,119 392,119 384,127 374,127 367,120 366,120 364,118 356,118 355,119 354,118 353,118 352,117 345,117 343,119 340,119 332,127 256,127 255,126 247,126 246,127 229,127 227,125 225,125 224,124 223,124 219,120 210,120 203,127 200,127 199,128 198,128 197,127 188,127 187,126 181,126 180,127 155,127 153,129 152,128 144,128 143,129 142,128 135,128 134,129 133,129 130,126 121,126 120,127 116,127 111,122 102,122 101,121 100,121 99,120 91,120 90,119 86,119 85,118 73,118 72,119 66,119 64,121 58,121"/>
                <Baseline points="63,157 750,157"/>
                <TextEquiv>
                    <Unicode>Sigmund von Kollonitsch / und Jhre</Unicode>
                </TextEquiv>
                <TextStyle fontFamily="Times New Roman" fontSize="9.5"/>
            </TextLine>
            <TextLine id="tl_3" primaryLanguage="German" custom="readingOrder {index:1;}">
                <Coords points="55,204 68,204 69,203 82,203 83,204 87,204 88,203 90,203 93,200 94,200 95,199 97,199 99,201 100,201 101,202 107,202 108,201 110,201 112,203 118,203 119,202 120,202 121,201 122,202 130,202 131,201 132,201 134,199 136,199 140,203 148,203 150,205 154,205 157,208 162,208 164,206 165,206 170,201 171,201 172,202 180,202 181,201 183,203 191,203 208,186 230,208 233,208 234,209 238,209 239,208 240,208 242,206 246,206 247,205 248,205 249,204 250,204 251,203 254,203 255,202 257,202 259,200 262,200 265,203 273,203 276,200 278,200 280,202 288,202 289,201 292,201 293,200 294,200 296,202 297,202 298,203 304,203 305,202 306,202 320,188 323,188 345,210 357,210 365,202 367,202 373,196 374,196 379,201 386,201 387,200 389,200 391,198 395,202 404,202 406,200 407,200 409,202 426,202 432,208 436,208 438,210 446,210 448,208 449,208 461,196 475,196 476,195 481,200 483,200 485,202 495,202 499,198 500,198 502,200 504,200 506,202 509,202 510,203 515,203 516,202 517,202 519,200 523,200 525,202 542,202 543,201 545,201 564,182 570,182 588,200 591,200 593,202 594,202 596,204 604,204 605,205 611,205 612,204 615,204 616,203 617,203 618,202 620,202 621,201 622,201 624,199 626,199 628,201 629,201 631,203 645,203 646,202 647,202 648,201 651,201 654,204 661,204 662,203 664,203 669,208 673,208 674,207 675,207 676,206 678,206 681,203 682,203 687,208 694,208 699,203 709,203 711,201 713,201 715,203 723,203 725,201 727,203 741,203 750,194 755,194 755,170 744,170 740,174 737,174 734,171 718,171 717,172 714,172 706,164 705,164 701,160 697,160 696,161 694,161 683,172 681,172 672,163 668,163 667,164 666,164 665,165 662,165 653,174 649,174 646,171 635,171 627,163 619,163 618,162 605,162 604,161 595,161 594,162 593,162 591,164 590,164 589,165 588,165 578,175 549,175 546,172 545,172 543,170 542,170 541,169 535,169 533,171 532,170 525,170 522,173 521,173 518,170 511,170 510,171 507,171 505,173 501,173 500,172 499,172 497,170 490,170 489,169 480,169 464,185 462,185 441,164 434,164 428,170 425,170 424,169 418,169 417,170 415,170 414,169 411,169 404,162 403,162 402,161 396,161 389,168 380,168 372,160 365,160 364,161 362,161 360,163 355,158 351,158 350,159 349,159 347,161 344,161 342,163 340,163 330,173 306,173 304,171 287,171 286,170 280,170 279,171 268,171 266,173 262,173 249,160 235,160 222,173 200,173 197,176 196,176 183,163 181,163 180,162 173,162 171,164 170,164 165,169 163,169 158,164 149,164 140,173 118,173 117,172 110,172 109,173 108,173 106,171 98,171 94,167 93,167 91,165 90,165 89,164 88,164 87,163 85,163 84,162 65,162 63,164 62,164 60,166 55,166"/>
                <Baseline points="60,200 750,200"/>
                <TextEquiv>
                    <Unicode>Durchl. Herr Printz von Sachsen=</Unicode>
                </TextEquiv>
                <TextStyle fontFamily="Times New Roman" fontSize="9.5"/>
            </TextLine>
            <TextLine id="tl_4" primaryLanguage="German" custom="readingOrder {index:2;}">
                <Coords points="56,244 62,244 69,251 78,251 81,248 84,248 85,247 87,247 88,246 90,246 93,243 94,243 97,240 101,244 112,244 113,245 119,245 122,242 124,242 126,244 136,244 137,243 138,243 139,242 140,242 142,240 144,240 148,244 158,244 159,243 160,243 161,242 164,242 168,246 171,246 172,247 177,247 178,246 187,246 189,244 192,244 194,246 199,246 200,245 201,245 206,240 210,244 216,244 217,243 223,249 224,249 225,248 226,248 230,244 231,244 232,245 240,245 241,244 243,244 244,243 245,243 246,242 248,242 258,252 265,252 273,244 275,244 277,246 283,246 285,244 287,246 293,246 294,245 295,245 296,244 297,244 299,246 320,246 322,248 324,248 325,249 328,249 333,244 336,247 341,247 343,245 344,245 347,242 351,246 356,246 357,245 358,245 359,244 361,244 362,245 368,245 373,240 380,247 386,247 402,231 405,231 418,244 419,244 421,246 426,246 427,247 433,247 436,244 439,244 440,245 450,245 451,244 452,244 456,248 462,248 464,246 466,246 468,244 474,250 479,250 481,248 482,248 486,244 488,244 491,247 496,247 497,246 498,246 499,245 500,245 503,242 508,247 514,247 516,245 517,245 518,244 521,244 523,246 524,246 525,247 529,247 530,246 531,246 532,245 534,245 535,244 537,244 538,245 547,245 548,244 552,244 554,246 563,246 565,244 580,244 582,246 598,246 599,245 600,245 612,233 618,239 649,239 657,247 660,247 661,248 665,248 666,249 668,249 674,243 678,247 679,247 680,248 686,248 687,247 688,247 692,243 695,246 714,246 715,245 716,245 718,247 728,247 730,249 732,249 733,250 734,250 735,251 736,251 737,252 743,252 749,246 754,246 754,216 748,216 738,206 728,206 716,218 713,218 712,217 711,217 710,216 708,216 707,215 702,215 699,218 696,218 686,208 685,208 684,207 680,207 679,206 676,206 675,207 674,207 673,208 668,208 666,206 655,206 654,207 652,207 629,230 627,230 613,216 590,216 586,212 580,212 578,214 577,213 570,213 569,214 568,214 566,212 558,212 556,214 549,207 544,207 539,212 534,207 530,207 529,208 527,208 523,212 511,212 509,214 508,214 506,216 503,213 495,213 494,214 489,214 485,210 476,210 472,214 463,214 462,213 454,213 453,214 452,213 451,213 450,212 444,212 442,214 441,214 439,216 436,216 433,213 424,213 423,212 415,212 411,216 399,216 395,212 387,212 383,216 371,216 369,214 368,214 367,213 361,213 360,214 348,214 338,204 337,204 336,203 329,203 328,204 326,204 318,212 308,212 306,214 305,214 304,213 297,213 294,216 291,216 289,214 281,214 279,216 273,216 262,205 254,205 253,206 251,206 249,208 248,207 241,207 240,208 239,208 238,209 236,209 229,216 228,216 227,215 226,215 225,214 224,214 222,212 215,212 213,214 212,214 210,216 208,216 206,214 198,214 197,213 191,213 190,214 186,214 185,213 178,213 177,214 175,214 174,213 167,213 166,214 164,214 162,212 161,212 155,206 146,206 140,212 136,212 131,207 125,207 123,205 115,205 114,206 101,206 95,212 94,212 86,204 83,204 82,203 76,203 75,204 74,204 70,208 69,208 61,216 56,216"/>
                <Baseline points="61,244 749,244"/>
                <TextEquiv>
                    <Unicode>Hildburgshausen / vertretten. Nach</Unicode>
                </TextEquiv>
                <TextStyle fontFamily="Times New Roman" fontSize="9.5"/>
            </TextLine>
            <TextLine id="tl_5" primaryLanguage="German" custom="readingOrder {index:3;}">
                <Coords points="56,285 64,285 66,287 72,287 77,282 78,282 84,288 91,288 93,286 94,286 95,285 98,285 99,286 107,286 108,285 110,285 114,281 121,288 128,288 129,287 133,287 135,289 136,289 137,290 149,290 150,289 152,289 153,288 154,288 157,285 160,288 166,288 167,287 168,287 169,288 176,288 177,287 179,287 181,289 191,289 192,290 197,290 204,297 208,297 221,284 223,284 228,289 229,289 230,290 234,290 235,291 237,291 238,290 241,290 242,291 243,291 246,288 256,288 258,286 267,295 280,295 281,294 283,294 289,288 308,288 309,287 310,287 311,286 313,286 317,290 323,290 327,286 329,286 332,289 339,289 340,288 342,290 345,290 348,293 355,293 371,277 372,277 389,294 397,294 407,284 409,286 418,286 419,287 425,287 428,284 429,284 433,288 442,288 445,285 446,285 447,284 453,290 459,290 461,288 462,288 464,286 465,286 468,289 475,289 476,288 478,288 479,289 486,289 488,287 489,287 492,284 494,284 504,294 509,294 511,292 513,292 514,293 515,293 516,294 527,294 530,291 532,291 535,288 537,288 543,294 550,294 558,286 561,286 562,287 567,287 569,285 572,285 573,284 574,284 578,288 579,288 580,289 588,289 598,279 599,279 610,290 614,290 615,291 624,291 625,290 626,290 627,289 630,289 632,291 640,291 641,290 642,290 645,287 647,289 650,289 652,291 654,291 655,292 660,292 665,287 667,287 669,289 679,289 680,290 685,290 688,287 690,287 694,291 698,291 703,296 704,296 705,297 715,297 716,296 720,296 726,290 733,290 734,289 737,289 739,291 744,291 745,290 746,290 747,289 753,289 753,263 748,263 736,251 735,251 734,250 728,250 727,251 726,251 719,258 718,258 717,257 711,257 710,258 706,258 698,250 694,250 693,251 692,251 685,258 679,258 677,260 665,248 661,248 660,247 654,247 648,253 647,253 646,252 645,252 641,248 629,248 628,247 617,247 604,260 594,260 590,256 583,256 579,260 578,260 575,257 574,257 573,256 559,256 557,258 555,258 546,249 536,249 535,248 530,248 529,249 527,249 525,251 523,249 522,249 521,248 520,248 519,247 507,247 494,260 486,260 484,258 477,258 475,260 474,259 467,259 466,260 465,260 462,257 456,257 453,260 451,260 439,248 429,248 421,256 414,256 412,258 411,258 409,260 404,260 393,249 384,249 373,260 360,260 349,249 340,249 334,255 331,255 324,248 322,248 321,247 318,247 308,257 306,257 298,249 286,249 280,255 274,255 272,257 270,257 265,262 263,262 248,247 246,247 245,246 237,246 235,248 234,248 229,253 227,253 217,243 216,244 210,244 207,247 206,247 198,255 197,255 196,256 190,256 188,258 186,258 185,257 178,257 177,258 173,258 171,256 161,256 156,251 155,251 154,250 148,250 147,249 144,249 143,248 125,248 115,258 113,258 112,257 111,257 110,256 105,256 104,255 99,255 96,258 94,256 88,256 84,260 83,260 82,261 76,255 75,255 74,254 72,254 67,249 56,249"/>
                <Baseline points="61,287 748,287"/>
                <TextEquiv>
                    <Unicode>der Tauf sogleich haben Jhre Königl.</Unicode>
                </TextEquiv>
            </TextLine>
            <TextLine id="tl_6" primaryLanguage="German" custom="readingOrder {index:4;}">
                <Coords points="55,324 61,324 63,326 68,326 69,325 70,325 79,334 84,334 85,333 87,333 88,332 91,332 97,326 98,326 100,328 102,328 104,330 105,330 106,331 110,331 111,330 112,330 116,326 118,326 122,330 123,330 127,334 133,334 141,326 145,330 152,330 156,326 160,330 169,330 172,333 177,333 178,332 179,332 182,329 183,329 184,328 185,328 191,322 194,322 200,328 207,328 217,338 218,338 219,339 228,339 231,336 233,336 234,335 235,335 236,334 238,334 240,332 241,332 242,331 243,331 244,330 249,330 251,332 259,332 263,328 265,328 270,333 275,333 276,332 277,332 279,330 282,330 286,334 292,334 298,328 322,328 332,338 333,338 334,339 337,339 338,340 350,340 351,339 352,339 353,338 354,338 361,331 362,331 363,332 368,332 373,327 375,327 379,331 389,331 390,332 396,332 399,329 400,329 402,331 407,331 409,329 411,329 412,330 417,330 420,327 423,327 427,331 432,331 434,329 440,329 444,333 449,333 455,339 460,339 466,333 471,333 472,334 476,334 477,333 478,333 480,331 484,335 491,335 493,333 494,333 496,335 501,335 505,331 508,331 510,333 511,333 512,334 517,334 518,333 519,333 527,325 542,325 556,339 561,339 563,337 564,337 566,335 572,335 573,334 576,334 577,333 578,333 579,332 581,332 586,327 587,327 593,333 599,333 603,329 605,329 607,331 615,331 617,329 618,329 628,339 636,339 637,340 639,340 646,333 649,333 650,334 655,334 656,333 660,333 666,339 667,339 668,340 673,340 674,339 681,339 683,337 684,337 694,327 697,327 711,341 722,341 729,334 738,334 739,333 740,334 754,334 754,300 740,300 738,302 735,302 734,301 727,301 724,304 720,300 714,300 700,314 697,314 686,303 684,303 683,302 680,302 678,300 672,300 670,302 669,302 666,305 663,305 659,301 651,301 650,302 646,302 644,304 634,294 629,294 628,295 627,295 622,300 613,300 612,299 606,299 605,300 596,300 594,302 593,302 592,303 589,303 576,290 575,290 574,289 563,289 541,311 525,295 524,295 523,294 515,294 509,300 508,300 505,303 504,303 502,301 494,301 492,303 491,303 489,301 482,301 472,291 470,291 469,290 462,290 460,292 458,292 454,296 449,291 441,291 435,297 430,297 428,299 426,299 422,303 417,298 410,298 409,299 400,299 398,301 394,301 392,299 385,299 381,303 378,303 374,299 366,299 360,293 348,293 346,291 343,291 342,290 333,290 331,292 330,292 307,315 306,315 294,303 293,303 290,300 284,300 283,301 281,299 267,299 265,301 264,301 262,299 255,299 253,301 252,301 241,290 238,290 237,291 235,291 234,290 230,290 229,289 228,289 227,288 224,288 199,313 181,295 177,295 175,293 174,293 173,292 168,292 167,293 166,293 165,292 158,292 153,297 149,297 147,299 146,299 145,300 144,300 142,302 139,302 128,291 120,291 114,297 109,297 107,299 104,299 103,300 102,300 100,302 99,302 87,290 86,290 78,282 77,282 60,299 55,299"/>
                <Baseline points="60,331 749,331"/>
                <TextEquiv>
                    <Unicode>Hoheit Herr Franciscus Herzog zu</Unicode>
                </TextEquiv>
                <TextStyle fontFamily="Times New Roman" fontSize="9.5"/>
            </TextLine>
            <TextLine id="tl_7" primaryLanguage="German" custom="readingOrder {index:5;}">
                <Coords points="57,375 69,375 71,373 72,374 81,374 84,371 87,371 89,373 97,373 99,371 102,371 106,375 114,375 115,374 116,374 119,371 123,375 139,375 141,373 143,373 144,374 150,374 153,371 156,371 160,375 167,375 169,373 170,373 172,375 178,375 180,373 181,373 183,375 190,375 197,382 208,382 209,381 210,381 217,374 218,375 227,375 228,374 230,374 231,375 233,375 234,376 240,376 241,375 242,375 244,377 249,377 256,370 259,370 266,377 272,377 291,358 293,358 309,374 310,374 312,376 320,376 321,375 322,375 323,376 331,376 332,375 333,375 334,376 340,376 341,375 342,375 343,374 344,374 346,376 351,376 355,372 358,372 362,376 366,376 367,375 368,375 389,354 392,354 412,374 415,374 416,375 421,375 422,376 425,376 426,377 436,377 437,376 439,376 443,372 445,372 449,376 457,376 458,375 459,375 460,374 465,374 466,375 467,375 469,377 477,377 479,375 481,375 482,374 488,380 489,380 490,381 505,381 506,380 507,380 515,372 517,372 522,377 525,377 526,376 527,376 529,374 530,374 539,365 542,365 559,382 560,382 562,384 567,384 568,383 570,383 573,380 575,380 576,379 578,379 579,378 581,378 582,377 583,377 584,376 585,376 587,374 589,374 592,377 601,377 604,374 607,374 608,375 620,375 630,385 638,385 639,384 641,384 649,376 650,376 652,378 658,378 659,377 660,377 661,376 670,385 680,385 681,384 682,384 683,383 684,383 696,371 698,371 712,385 722,385 723,384 724,384 730,378 739,378 740,379 746,379 747,378 748,378 749,377 754,377 754,345 740,345 738,347 737,346 736,346 734,344 729,344 726,347 725,347 720,342 715,342 699,358 698,358 687,347 685,347 682,344 675,344 668,351 667,351 661,345 651,345 649,347 645,347 638,340 637,340 636,339 629,339 625,343 616,343 615,344 608,344 607,345 604,345 603,344 597,344 594,347 591,347 590,346 589,346 587,344 586,344 576,334 573,334 572,335 566,335 564,337 563,337 561,339 560,339 552,347 537,347 535,345 529,345 527,347 518,347 506,335 493,335 492,336 491,336 482,345 481,345 480,344 473,344 472,345 465,345 464,344 463,344 462,343 451,343 442,334 433,334 432,333 417,333 416,334 413,334 400,347 376,347 371,342 368,342 367,341 366,341 365,340 364,340 361,337 356,337 355,338 354,338 349,343 341,343 340,342 334,342 331,345 328,342 323,342 322,343 319,343 318,342 311,342 306,347 285,347 280,342 274,342 269,347 253,347 248,342 243,342 242,343 232,343 230,345 228,345 226,343 220,343 216,347 214,347 212,345 211,345 209,343 208,343 207,342 200,342 198,344 197,344 196,345 193,345 190,342 181,342 180,343 179,342 175,342 167,334 160,334 154,340 144,340 139,345 128,334 123,334 119,338 118,338 117,337 111,337 110,338 109,338 102,345 98,341 92,341 90,343 81,334 79,334 70,325 69,325 62,332 57,332"/>
                <Baseline points="62,375 749,375"/>
                <TextEquiv>
                    <Unicode>Lothringen / und Groß=Hertzog zu</Unicode>
                </TextEquiv>
                <TextStyle fontFamily="Times New Roman" fontSize="9.5"/>
            </TextLine>
            <TextLine id="tl_8" primaryLanguage="German" custom="readingOrder {index:6;}">
                <Coords points="57,418 69,418 71,416 74,416 78,420 88,420 89,419 91,419 93,417 94,417 95,416 98,416 99,417 109,417 110,416 111,416 118,423 125,423 130,418 140,418 144,414 148,418 165,418 167,420 178,420 179,421 185,421 188,418 190,418 192,420 209,420 212,417 214,417 218,421 226,421 236,411 249,411 258,420 264,420 265,419 267,419 269,421 275,421 276,420 277,420 278,419 287,419 289,417 291,417 295,421 303,421 313,411 324,411 330,417 331,417 333,419 335,419 337,421 346,421 348,423 349,422 353,422 356,419 357,419 358,418 359,418 363,414 364,414 366,416 367,416 369,418 376,418 377,417 378,417 381,414 383,416 385,416 386,417 387,417 389,419 397,419 399,417 407,425 414,425 416,423 420,423 421,422 423,422 429,416 432,419 433,419 434,420 439,420 449,410 450,410 462,422 475,422 476,421 488,421 490,419 492,419 496,423 509,423 511,421 518,421 520,419 521,419 523,417 527,421 533,421 537,425 539,425 540,426 544,426 545,425 546,425 548,423 557,423 561,419 564,419 566,421 572,421 573,420 574,420 577,417 579,417 582,420 588,420 589,419 590,419 592,417 593,417 598,412 601,412 606,417 609,417 612,420 620,420 621,419 622,419 625,416 631,422 638,422 644,416 649,421 657,421 660,418 661,418 665,414 666,414 674,422 675,422 676,423 682,423 685,420 689,424 694,424 695,425 701,425 702,424 704,424 707,421 709,421 712,418 713,418 714,417 715,417 716,416 717,416 721,420 722,420 723,421 729,421 732,418 734,418 735,419 742,419 745,416 746,416 748,414 753,414 753,388 745,388 743,390 742,390 739,393 735,389 734,389 733,388 721,388 719,390 717,390 711,384 709,384 707,382 702,382 701,381 695,381 694,380 689,380 676,393 674,393 663,382 654,382 646,390 643,390 642,389 632,389 629,392 628,392 622,386 619,386 618,385 617,385 614,382 606,382 599,389 597,387 581,387 579,389 577,389 576,388 569,388 568,389 567,389 560,382 559,382 556,379 542,379 539,382 537,382 534,379 526,379 518,387 516,387 514,389 510,389 502,381 490,381 489,380 488,380 486,378 482,378 481,379 464,379 462,381 461,381 455,387 451,387 449,389 448,389 447,388 441,388 440,389 438,389 425,376 422,376 421,375 416,375 415,374 411,374 399,386 398,386 397,385 391,385 390,386 389,386 388,387 384,387 383,386 382,386 381,385 375,385 374,386 369,386 362,379 361,379 360,378 353,378 352,379 351,378 345,378 344,377 333,377 332,378 331,378 319,390 318,390 307,379 300,379 299,380 298,380 295,383 293,383 288,378 277,378 268,387 262,387 247,402 230,385 227,385 217,395 214,395 210,391 209,391 205,387 197,387 193,391 191,391 186,386 176,386 175,385 168,385 165,388 164,387 163,387 161,385 160,385 159,384 153,384 149,388 148,388 136,376 133,376 132,375 123,375 112,386 111,386 109,384 100,384 96,380 93,380 92,379 89,379 88,378 87,378 86,377 79,377 78,376 67,376 66,377 64,377 62,379 57,379"/>
                <Baseline points="62,418 748,418"/>
                <TextEquiv>
                    <Unicode>Toscana / als Groß=Meister des Or=</Unicode>
                </TextEquiv>
                <TextStyle fontFamily="Times New Roman" fontSize="9.5"/>
            </TextLine>
            <TextLine id="tl_9" primaryLanguage="German" custom="readingOrder {index:7;}">
                <Coords points="57,457 62,457 64,459 76,459 78,457 79,457 84,462 91,462 94,459 96,459 98,461 104,461 106,459 107,459 109,461 115,461 117,459 120,459 122,461 131,461 136,456 137,456 143,450 144,450 153,459 154,459 157,462 165,462 166,461 167,461 171,457 177,463 184,463 185,462 188,462 189,461 191,461 193,463 208,463 210,461 211,461 215,457 216,457 222,463 230,463 232,461 233,461 234,462 241,462 242,461 245,461 248,464 254,464 257,461 259,461 263,465 272,465 273,466 281,466 286,461 287,461 288,462 297,462 300,459 301,459 310,468 316,468 317,469 318,469 320,471 324,471 325,470 327,470 334,463 343,463 344,462 345,462 348,459 349,459 351,461 353,461 354,462 363,462 364,461 365,461 369,457 371,459 373,459 375,461 377,461 378,462 386,462 389,459 391,459 396,464 402,464 403,463 404,463 408,459 412,463 418,463 420,461 421,461 422,462 430,462 431,461 433,461 436,464 444,464 447,461 448,461 450,463 451,463 452,464 458,464 459,463 460,463 461,464 468,464 480,452 493,465 512,465 518,459 522,463 528,463 530,461 533,461 543,471 555,471 567,459 578,470 579,470 580,471 590,471 592,469 593,469 594,468 598,468 600,466 601,466 602,465 604,465 610,459 615,464 624,464 627,461 628,461 630,463 638,463 639,462 640,462 641,461 643,461 647,465 648,465 654,471 655,470 656,470 657,469 659,469 660,468 661,468 662,467 664,467 665,466 666,466 669,463 670,463 672,465 673,465 674,466 679,466 680,465 683,465 690,472 700,472 701,471 702,471 704,469 705,469 706,468 707,468 708,467 709,467 713,463 714,463 715,464 722,464 723,463 726,463 728,465 736,465 738,463 740,463 741,464 754,464 754,432 747,432 746,431 740,431 739,432 729,432 727,434 725,432 717,432 715,434 708,434 707,433 706,433 703,430 698,430 696,432 695,432 693,434 685,434 684,433 683,433 682,432 672,432 670,434 668,434 659,425 653,425 652,426 650,426 646,430 629,430 627,432 626,431 620,431 619,432 618,432 616,434 613,434 601,422 600,422 599,421 587,421 586,422 585,422 583,424 582,424 574,432 565,432 563,434 560,434 550,424 547,424 546,425 545,425 544,426 541,426 537,430 526,430 520,424 517,424 516,423 490,423 479,434 472,434 468,430 439,430 435,434 433,434 428,429 422,429 421,430 419,430 418,429 412,429 411,430 410,430 409,429 403,429 402,430 393,430 391,432 389,432 386,429 378,429 377,430 376,430 374,432 373,432 363,422 361,422 360,421 354,421 353,422 349,422 341,430 338,430 336,432 332,432 331,431 328,431 327,430 317,430 313,434 308,434 304,430 296,430 292,434 286,434 284,432 283,432 281,430 274,430 272,432 269,429 263,429 260,432 259,431 258,431 257,430 250,430 248,432 247,432 245,434 243,434 239,430 222,430 218,434 213,434 211,432 210,432 209,431 202,431 201,432 191,432 190,431 188,431 187,430 181,430 179,432 178,432 176,434 175,434 172,431 171,431 168,428 166,428 165,427 164,427 161,424 160,424 159,423 153,423 146,430 145,430 136,421 130,421 129,422 127,422 119,430 116,430 115,429 114,429 113,428 105,428 104,427 98,427 97,428 88,428 86,430 83,430 81,432 76,427 74,427 72,425 71,425 67,421 57,421"/>
                <Baseline points="62,461 749,461"/>
                <TextEquiv>
                    <Unicode>dens den neu=gebornen Ertz=Hertzogen</Unicode>
                </TextEquiv>
                <TextStyle fontFamily="Times New Roman" fontSize="9.5"/>
            </TextLine>
            <TextLine id="tl_10" primaryLanguage="German" custom="readingOrder {index:8;}">
                <Coords points="55,511 70,511 77,504 104,504 106,502 108,502 109,503 116,503 117,502 118,503 127,503 134,496 138,496 139,497 149,497 150,496 158,504 159,504 161,506 164,506 165,507 177,507 180,504 181,504 185,508 194,508 197,505 198,506 200,506 201,507 206,507 207,506 209,506 211,508 220,508 222,506 224,506 227,509 236,509 239,506 241,506 243,508 250,508 254,504 259,509 266,509 291,484 292,484 312,504 314,504 316,506 324,506 325,505 326,505 329,502 330,502 336,508 343,508 349,502 350,502 354,506 356,506 357,507 362,507 363,506 364,506 384,486 399,486 419,506 420,506 422,508 423,508 425,510 438,510 439,509 442,509 443,508 444,508 447,505 448,505 449,504 453,504 455,506 457,506 459,508 466,508 471,503 472,503 476,507 484,507 488,503 492,507 493,507 494,508 500,508 505,503 506,503 508,505 509,505 511,507 520,507 522,505 525,505 527,507 546,507 548,505 549,505 552,508 558,508 559,507 560,507 562,505 563,505 566,508 573,508 574,507 584,507 586,505 587,505 599,493 601,493 615,507 623,507 626,504 628,506 629,506 632,509 638,509 639,508 646,508 647,507 650,507 651,506 655,506 656,507 665,507 666,506 667,506 669,508 670,508 671,509 676,509 677,508 680,508 682,510 693,510 697,514 704,514 710,508 719,508 723,504 726,504 730,508 739,508 743,504 744,504 746,502 747,502 748,501 753,501 753,470 747,470 746,469 736,469 728,477 725,477 715,467 708,467 707,468 706,468 705,469 704,469 702,471 701,471 700,472 699,472 694,477 692,477 691,476 688,476 687,477 686,477 678,469 672,469 669,466 665,466 664,467 662,467 661,468 660,468 659,469 657,469 656,470 655,470 654,471 650,467 648,467 647,466 633,466 632,465 619,465 618,466 617,466 616,467 615,467 604,478 589,478 585,474 576,474 574,476 573,475 565,475 564,476 563,476 562,475 554,475 553,476 552,476 550,478 549,478 545,474 536,474 534,476 533,476 532,475 526,475 525,476 523,474 516,474 514,476 511,476 509,478 506,475 505,475 504,474 503,474 502,473 500,473 494,467 491,467 490,466 489,466 488,465 476,465 466,475 457,475 449,467 439,467 436,464 429,464 428,465 426,465 425,466 419,466 406,479 382,479 370,467 361,467 360,468 359,468 352,475 349,475 347,473 341,473 340,474 339,474 336,477 333,477 332,476 331,476 327,472 326,472 325,471 320,471 318,469 317,469 316,468 310,468 301,477 276,477 273,474 265,474 264,473 258,473 256,475 255,474 247,474 246,475 245,475 238,468 232,468 227,473 223,469 222,469 221,468 218,468 216,470 215,470 214,471 212,471 208,467 207,467 206,466 199,466 197,468 193,464 182,464 180,466 178,466 176,464 175,464 174,463 162,463 159,466 157,466 145,478 137,478 135,480 134,480 125,471 98,471 96,473 93,470 87,470 86,471 72,471 69,468 65,468 64,469 63,469 61,471 55,471"/>
                <Baseline points="60,505 748,505"/>
                <TextEquiv>
                    <Unicode>zum Ritter des Goldenen Vlieses</Unicode>
                </TextEquiv>
            </TextLine>
            <TextLine id="tl_11" primaryLanguage="German" custom="readingOrder {index:9;} textStyle {offset:0; length:4;fontFamily:Antiqua;}">
                <Coords points="56,543 68,543 69,544 75,544 76,543 81,543 82,544 89,544 92,541 93,541 95,543 96,543 97,544 108,544 109,543 115,543 117,545 122,545 125,548 132,548 135,545 138,545 140,547 150,547 152,545 153,545 158,550 163,550 164,549 166,549 170,545 173,545 175,547 176,547 178,549 179,549 180,550 186,550 195,541 199,541 209,551 216,551 217,550 218,550 219,549 223,549 224,550 231,550 236,545 237,545 239,547 241,547 243,549 244,549 246,551 252,551 256,547 257,547 259,549 271,549 273,547 274,547 276,545 277,545 281,549 282,549 283,550 291,550 296,545 297,545 303,551 310,551 314,547 321,554 327,554 328,553 330,553 334,549 335,549 346,538 349,538 358,547 359,547 366,554 370,554 377,547 380,550 388,550 391,547 395,551 403,551 413,541 416,541 433,558 448,558 449,557 450,557 451,556 452,556 457,551 468,551 473,556 480,556 486,550 495,550 496,549 509,549 510,550 516,550 517,549 518,549 520,551 526,551 528,549 537,549 539,547 541,549 571,549 575,553 581,553 582,552 583,552 586,549 588,549 590,551 599,551 600,550 601,550 604,547 605,547 611,541 628,558 637,558 638,557 639,557 642,554 646,554 647,553 648,553 649,552 652,552 655,549 656,549 658,547 659,547 665,553 670,553 674,549 677,549 679,551 685,551 686,550 687,550 690,547 692,547 695,550 704,550 707,547 709,547 713,551 720,551 724,547 727,550 736,550 737,549 739,551 745,551 749,547 754,547 754,521 749,521 746,518 737,518 736,519 724,519 723,518 716,518 715,519 713,519 711,521 710,520 709,520 708,519 703,519 701,517 695,517 693,519 678,519 676,521 674,519 666,519 664,521 660,521 649,510 647,510 646,509 635,509 633,511 632,511 622,521 604,521 602,519 592,519 587,514 579,514 574,519 570,519 569,518 563,518 562,519 560,519 558,517 542,517 540,519 537,519 536,518 531,518 530,519 526,519 525,518 518,518 517,519 507,519 505,521 504,521 493,510 491,510 490,509 488,509 487,508 480,508 479,509 478,509 476,511 475,511 471,515 468,515 465,512 459,512 452,519 451,519 449,517 435,517 431,521 411,521 406,516 400,516 399,517 389,507 384,507 374,517 373,517 372,516 371,516 369,514 368,514 365,511 357,511 347,521 340,521 335,516 326,516 325,515 319,515 316,518 315,518 314,517 307,517 306,518 305,518 303,520 299,520 289,510 277,510 271,516 263,516 261,518 260,518 258,520 255,517 247,517 246,518 243,518 241,520 237,520 234,517 228,517 227,518 224,518 223,517 218,517 217,518 216,518 215,517 209,517 208,518 207,518 197,528 187,518 180,518 178,520 168,510 162,510 156,516 153,516 152,515 145,515 144,516 140,516 138,514 127,514 120,507 114,507 113,508 112,508 104,516 99,516 97,518 77,518 76,517 65,517 64,518 63,518 61,520 56,520"/>
                <Baseline points="61,548 749,548"/>
                <TextEquiv>
                    <Unicode>creiret: worbey die gesammte Herren</Unicode>
                </TextEquiv>
            </TextLine>
            <TextLine id="tl_12" primaryLanguage="German" custom="readingOrder {index:10;}">
                <Coords points="57,589 63,589 65,591 69,591 71,593 79,593 83,589 86,589 88,591 96,591 98,589 99,589 100,590 108,590 109,589 110,589 112,591 119,591 120,590 121,590 122,589 126,589 129,592 134,592 139,587 141,587 144,590 151,590 153,588 154,588 155,587 159,591 165,591 166,590 167,590 170,587 171,587 175,591 184,591 186,593 192,593 209,576 211,576 226,591 235,591 237,593 243,593 244,592 245,592 246,591 247,591 248,592 255,592 256,591 257,591 260,594 265,594 266,593 268,593 269,592 270,592 274,596 280,596 296,580 299,580 310,591 311,591 312,592 318,592 319,591 320,591 325,596 326,596 329,599 334,599 335,598 336,598 344,590 345,590 347,592 353,592 356,589 357,589 358,588 359,588 363,592 369,592 370,591 372,591 373,590 377,590 378,591 384,591 385,590 386,590 388,592 395,592 397,590 398,590 404,584 421,601 432,601 434,599 436,599 441,594 450,594 451,593 452,593 453,592 454,592 456,590 459,593 467,593 468,592 470,592 474,596 479,596 481,594 482,594 487,589 489,591 491,591 493,593 494,593 496,595 502,595 503,594 504,594 507,591 509,591 518,600 525,600 533,592 543,592 544,591 545,592 552,592 553,591 555,591 557,593 564,593 566,591 568,591 571,594 577,594 580,591 584,595 591,595 593,593 600,600 606,600 615,591 616,591 620,595 625,595 629,591 631,591 634,594 639,594 640,593 643,593 644,594 650,594 657,587 666,587 674,595 686,595 688,597 698,597 699,596 702,596 703,595 705,595 706,594 707,594 709,592 710,592 711,591 712,591 716,587 720,591 722,591 723,592 730,592 731,591 734,591 736,593 742,593 743,592 744,592 745,591 746,591 748,589 749,589 751,587 757,587 757,562 751,562 750,561 742,561 739,564 738,564 734,560 729,560 728,561 727,561 726,560 721,560 717,564 711,558 710,558 709,557 708,557 707,556 706,556 705,555 704,555 703,554 693,554 692,553 688,553 687,554 686,554 665,575 664,575 650,561 642,561 641,562 630,562 629,561 620,561 619,562 617,562 615,564 603,552 596,552 595,553 591,553 584,560 578,554 577,554 576,553 566,553 565,552 560,552 559,553 556,553 549,560 536,560 534,562 531,562 523,554 512,554 508,550 507,550 506,549 499,549 498,550 497,550 485,562 484,561 458,561 456,563 454,561 446,561 444,563 438,563 434,559 426,559 410,575 395,560 389,560 388,561 386,561 385,560 378,560 377,561 376,561 375,560 366,560 365,561 361,561 359,559 345,559 343,561 342,561 341,562 332,553 328,553 327,554 318,554 317,553 312,553 302,563 290,563 284,557 276,557 275,558 274,558 267,551 261,551 253,559 248,559 246,561 245,561 243,559 237,559 235,561 233,559 226,559 222,563 201,563 200,564 194,558 164,558 163,557 157,557 156,558 147,558 145,560 144,560 137,553 131,553 127,557 123,553 115,553 113,555 108,550 100,550 99,551 96,551 94,549 87,549 86,550 82,550 81,549 77,549 76,548 64,548 62,550 57,550"/>
                <Baseline points="62,590 752,590"/>
                <TextEquiv>
                    <Unicode>Rittern mit ihren gewöhnlichen Or=</Unicode>
                </TextEquiv>
                <TextStyle fontFamily="Times New Roman" fontSize="9.5"/>
            </TextLine>
            <TextLine id="tl_13" primaryLanguage="German" custom="readingOrder {index:11;}">
                <Coords points="61,630 68,630 70,632 80,632 82,630 85,630 89,634 96,634 98,632 101,632 103,634 119,634 121,632 124,632 126,634 127,634 128,635 134,635 136,633 137,633 138,632 139,632 147,624 151,624 161,634 166,634 176,624 183,624 204,645 206,645 211,640 212,640 213,639 214,639 215,638 220,638 221,637 224,637 230,631 231,631 236,636 242,636 243,635 244,635 246,637 251,637 255,633 257,633 261,637 266,637 267,636 269,636 274,631 275,631 281,637 287,637 289,635 290,635 294,639 300,639 305,634 306,634 314,626 325,637 332,637 336,633 337,633 338,634 339,634 342,637 347,637 348,636 351,636 358,643 363,643 370,636 382,636 384,638 385,638 388,641 394,641 401,634 403,634 406,637 412,637 415,634 416,634 418,636 419,636 421,638 426,638 430,634 431,634 433,636 435,636 436,637 441,637 442,636 445,636 446,637 450,637 453,634 456,634 458,636 460,636 461,637 465,637 468,634 471,634 474,637 479,637 481,635 483,635 485,637 490,637 496,631 497,631 510,644 516,644 517,643 519,643 520,642 521,642 534,629 542,629 548,635 549,635 550,636 560,636 565,631 566,631 572,637 589,637 591,635 593,635 596,638 601,638 606,633 609,633 613,637 618,637 619,636 631,636 633,638 634,638 635,639 640,639 641,638 644,638 646,640 651,640 653,638 654,638 658,642 663,642 675,630 678,630 684,636 688,636 690,638 694,638 695,637 696,637 697,636 698,636 702,632 704,634 705,634 707,636 710,636 712,638 718,638 722,634 726,634 728,636 729,636 730,637 735,637 738,634 741,637 746,637 748,635 753,635 753,606 747,606 745,604 738,604 736,606 734,604 727,604 725,606 722,606 720,604 713,604 711,606 709,606 707,608 703,608 699,604 695,604 693,606 691,606 690,605 685,605 684,606 681,606 672,597 658,597 651,604 644,604 642,606 641,606 640,605 639,605 638,604 632,604 628,608 627,608 625,606 624,606 623,605 616,605 612,609 607,604 599,604 598,603 593,603 589,607 588,607 587,606 586,606 584,604 577,604 574,607 571,604 564,604 556,596 549,596 548,597 547,597 522,622 519,622 518,621 511,621 510,622 508,622 493,607 492,607 489,604 481,604 480,603 472,603 469,606 468,606 467,605 460,605 457,608 455,608 451,604 444,604 443,605 441,605 440,604 433,604 432,605 431,605 430,604 422,604 414,596 406,596 401,601 397,601 390,594 383,594 381,596 380,596 379,597 376,594 362,594 353,603 339,603 337,605 336,604 335,604 334,603 329,603 327,605 325,605 323,607 311,607 303,599 297,599 295,601 293,601 287,595 281,595 275,601 272,601 266,595 261,595 260,596 256,596 249,603 242,603 240,605 239,605 237,607 234,607 221,594 218,594 217,593 210,593 209,594 205,594 186,613 184,613 174,603 169,603 168,604 167,604 160,611 158,611 141,594 134,594 133,595 132,595 123,604 121,604 118,601 111,601 110,602 109,601 101,601 100,602 99,601 91,601 88,604 86,604 83,601 81,601 74,594 73,594 72,593 61,593"/>
                <Baseline points="66,635 748,635"/>
                <TextEquiv>
                    <Unicode>dens=Habit erschienen; darauf von</Unicode>
                </TextEquiv>
                <TextStyle fontFamily="Times New Roman" fontSize="9.5"/>
            </TextLine>
            <TextLine id="tl_14" primaryLanguage="German" custom="readingOrder {index:12;} textStyle {offset:22; length:6;fontFamily:Antiqua;}">
                <Coords points="57,673 66,673 68,675 76,675 78,673 81,673 85,677 91,677 92,676 93,676 94,675 97,675 99,677 105,677 107,675 110,678 115,678 116,677 119,677 120,678 125,678 126,677 127,677 143,661 167,685 168,685 169,686 181,686 182,685 183,685 190,678 192,678 195,675 197,675 202,680 203,680 204,681 208,681 209,680 214,680 218,684 222,684 224,686 231,686 237,680 240,680 245,685 248,685 249,686 253,686 257,682 265,682 269,678 270,678 272,680 280,680 282,678 283,678 286,681 293,681 296,678 297,678 301,682 312,682 315,685 323,685 325,683 326,683 331,678 335,682 341,682 344,679 346,679 348,681 356,681 358,679 360,681 365,681 381,665 404,688 412,688 414,686 416,686 419,683 421,683 423,681 425,681 428,678 429,678 430,677 433,677 437,681 445,681 449,677 454,682 459,682 464,677 467,677 471,681 476,681 479,678 480,678 483,681 489,681 490,680 500,680 506,674 522,674 526,678 543,678 547,674 552,679 558,679 561,676 563,676 565,678 577,678 578,679 583,679 584,678 588,678 589,679 594,679 595,678 597,678 598,679 606,679 607,678 611,678 612,679 618,679 619,678 630,678 631,677 632,677 633,676 635,678 637,678 638,679 649,679 654,674 678,674 682,678 685,678 688,681 693,681 694,680 696,680 700,676 703,676 708,681 715,681 716,680 725,680 727,678 729,678 733,682 740,682 741,681 742,681 746,677 747,677 748,676 754,676 754,642 739,642 729,652 725,652 724,651 722,651 720,649 713,649 708,654 705,651 703,651 702,650 701,650 700,649 699,649 698,648 697,648 695,646 693,646 690,643 684,643 683,644 682,644 663,663 660,663 651,654 649,654 648,653 646,653 645,652 640,652 629,641 623,641 615,649 610,649 605,654 603,654 602,653 594,653 593,652 586,652 584,654 582,652 570,652 560,642 557,642 556,641 547,641 543,645 541,645 537,641 533,641 532,642 528,642 512,658 510,658 499,647 492,647 490,649 489,649 488,648 482,648 479,651 478,651 476,649 470,649 467,646 466,646 465,645 460,645 459,646 453,646 451,648 449,648 448,647 443,647 440,650 433,650 429,646 428,646 420,638 411,638 410,639 408,639 397,650 368,650 365,647 359,647 358,648 357,648 356,647 349,647 348,648 337,648 336,649 335,649 332,652 331,652 318,639 309,639 301,647 293,639 288,639 287,640 286,640 284,642 283,642 282,641 272,641 270,643 266,639 265,639 264,638 252,638 250,640 249,640 242,647 239,647 238,646 234,646 233,647 230,647 229,646 228,646 220,638 215,638 214,639 213,639 212,640 211,640 204,647 195,638 191,638 190,637 185,637 183,639 180,636 170,636 169,637 168,637 155,650 132,650 131,649 130,649 127,646 126,646 125,645 119,645 118,646 115,646 114,645 108,645 107,646 106,646 104,644 100,644 98,646 95,643 88,643 85,646 84,646 82,648 76,642 75,642 68,635 57,635"/>
                <Baseline points="62,677 749,677"/>
                <TextEquiv>
                    <Unicode>dem Päpstlichen Herrn Nuntio das</Unicode>
                </TextEquiv>
            </TextLine>
            <TextLine id="tl_15" primaryLanguage="German" custom="readingOrder {index:13;} textStyle {offset:0; length:16;fontFamily:Antiqua;}">
                <Coords points="56,713 63,713 67,717 72,717 73,718 84,718 89,713 94,718 104,718 105,717 106,717 110,713 115,713 121,719 130,719 131,720 138,720 139,719 145,719 146,718 147,718 148,717 149,717 151,715 152,715 156,719 160,719 161,720 167,720 168,719 169,719 171,717 174,717 176,719 183,719 184,720 190,720 191,719 193,719 194,720 195,720 196,721 201,721 202,720 204,720 205,719 207,721 212,721 213,720 215,720 216,719 217,719 218,720 224,720 225,719 229,719 231,717 232,717 236,721 273,721 274,722 282,722 285,719 287,721 296,721 297,722 308,722 309,721 311,721 312,722 320,722 321,721 329,721 331,723 337,723 338,722 354,722 356,720 357,720 358,721 369,721 370,720 371,721 377,721 378,720 380,720 382,718 383,718 387,722 405,722 407,720 408,720 409,721 418,721 419,720 420,720 424,716 425,716 431,722 433,722 434,723 441,723 442,722 466,722 474,730 480,730 481,729 491,729 492,730 494,728 495,728 497,726 505,726 506,725 507,725 514,732 519,732 520,731 521,731 525,727 530,727 531,726 533,726 537,722 540,722 542,724 554,724 555,725 561,725 562,724 564,726 571,726 573,724 574,724 576,726 582,726 584,724 585,724 587,726 593,726 594,725 595,725 596,724 598,726 604,726 605,725 607,725 609,727 615,727 618,724 619,724 622,727 629,727 630,726 631,726 633,724 634,724 638,728 644,728 648,724 650,724 654,728 660,728 661,727 662,727 674,715 685,726 693,726 695,724 696,725 703,725 704,724 714,724 716,722 718,724 724,724 728,720 730,722 733,722 734,723 742,723 743,722 744,722 749,717 754,717 754,695 749,695 746,692 744,692 743,691 742,691 736,685 727,685 721,691 717,691 715,693 713,693 712,692 706,692 705,693 703,693 702,692 694,692 693,693 683,693 681,695 673,695 671,693 662,693 660,695 656,695 648,687 643,687 635,695 634,695 633,694 624,694 623,695 618,695 615,692 609,692 608,693 571,693 570,692 565,692 564,693 560,693 559,692 556,692 549,685 542,685 540,687 539,687 537,685 536,685 535,684 534,684 533,683 521,683 519,685 517,685 511,691 503,691 501,693 494,693 491,690 483,690 480,693 477,693 475,695 471,691 463,691 462,692 452,692 450,694 448,694 445,691 444,691 443,690 438,690 427,701 426,701 418,693 411,693 410,694 407,694 406,695 396,695 394,697 393,697 391,695 388,695 387,694 382,694 381,695 365,695 364,694 358,694 357,695 356,695 355,694 349,694 348,695 337,695 327,685 321,685 310,696 307,696 305,694 294,694 293,695 292,694 285,694 284,695 283,695 282,696 281,696 279,694 266,694 264,696 261,696 251,686 249,686 248,685 245,685 243,683 236,683 226,693 198,693 197,694 196,694 194,692 156,692 148,684 147,684 146,683 141,683 140,682 124,682 123,683 122,683 111,694 109,694 108,693 107,693 106,692 105,692 104,691 100,691 90,681 88,681 87,680 82,680 81,681 80,680 70,680 69,679 56,679"/>
                <Baseline points="61,721 749,721"/>
                <TextEquiv>
                    <Unicode>Te Deum Laudamus angestimmet / und</Unicode>
                </TextEquiv>
            </TextLine>
            <TextLine id="tl_16" primaryLanguage="German" custom="readingOrder {index:14;}">
                <Coords points="57,769 71,769 78,762 79,762 80,763 89,763 92,760 96,764 103,764 104,763 105,763 106,762 107,762 110,765 118,765 124,771 132,771 139,764 140,764 141,765 152,765 155,762 157,764 158,764 160,766 170,766 174,762 175,762 179,758 197,758 202,763 203,763 205,765 207,765 209,767 216,767 217,766 218,766 221,763 224,763 226,765 229,765 232,768 239,768 242,765 245,765 250,770 258,770 259,769 266,769 279,756 282,756 292,766 307,766 308,765 311,765 314,768 316,768 317,769 324,769 326,767 329,767 330,768 331,768 333,770 340,770 349,761 352,761 363,772 367,772 368,771 369,771 371,773 377,773 382,768 385,771 394,771 397,768 403,768 406,771 412,771 414,769 415,769 418,766 421,766 422,767 431,767 432,766 433,766 435,768 443,768 445,766 447,768 451,768 455,772 459,772 460,773 464,773 465,774 467,774 468,775 469,774 470,774 471,773 472,773 473,772 474,772 476,770 477,770 480,767 491,767 492,768 499,768 504,763 517,763 528,774 529,774 531,776 540,776 544,772 545,772 546,771 548,771 549,770 552,770 554,768 555,768 556,767 557,767 559,765 561,765 563,767 564,767 566,769 567,769 568,770 576,770 577,769 579,769 586,776 594,776 605,765 607,765 611,769 618,769 627,760 629,760 640,771 653,771 654,770 656,770 657,771 665,771 668,768 669,768 672,771 679,771 680,770 681,770 682,769 683,769 685,767 686,768 688,768 689,769 696,769 697,768 698,768 700,770 705,770 710,775 714,775 715,774 716,774 717,773 718,773 721,770 729,770 732,767 733,767 735,769 742,769 743,768 744,768 748,764 754,764 754,729 748,729 747,728 746,728 745,727 730,727 729,726 712,726 702,736 687,736 684,733 683,733 680,730 670,730 668,728 659,728 658,729 642,729 640,731 637,731 630,738 618,738 617,739 616,739 604,727 591,727 589,729 588,729 579,738 577,736 569,736 567,738 562,738 550,726 536,726 512,750 511,750 490,729 481,729 480,730 477,730 474,733 465,733 463,735 460,735 453,728 446,728 441,733 434,733 432,735 431,735 430,734 427,734 418,725 410,725 409,726 406,726 400,732 396,728 395,728 394,727 393,727 392,726 388,726 387,725 382,725 381,726 380,726 379,725 376,725 375,726 373,726 371,728 369,728 358,739 349,739 346,736 339,736 338,735 330,735 329,736 318,736 316,738 312,738 310,736 309,736 307,734 305,734 304,733 303,733 299,729 291,729 282,738 272,738 267,733 259,733 258,734 249,734 247,736 244,736 241,733 235,733 234,734 231,734 229,736 228,736 226,738 225,738 221,734 214,734 213,733 204,733 203,734 202,734 194,742 191,742 177,728 176,728 175,727 167,727 159,735 156,735 154,733 146,733 144,735 140,735 128,723 122,723 121,724 119,724 114,729 111,729 105,723 95,723 89,729 81,721 78,721 77,720 71,720 70,721 67,721 62,726 57,726"/>
                <Baseline points="62,766 749,766"/>
                <TextEquiv>
                    <Unicode>solches von der Königl. Hof=Musik</Unicode>
                </TextEquiv>
                <TextStyle fontFamily="Times New Roman" fontSize="9.5"/>
            </TextLine>
            <TextLine id="tl_17" primaryLanguage="German" custom="readingOrder {index:15;}">
                <Coords points="56,812 62,812 64,814 70,814 76,808 81,808 82,807 94,807 95,808 101,808 102,807 104,807 107,810 114,810 117,807 120,807 122,809 128,809 129,808 130,808 131,807 132,807 134,809 136,809 137,810 143,810 144,809 145,809 146,808 147,808 152,803 160,811 166,811 168,809 171,809 172,810 173,810 175,812 178,812 179,813 187,813 188,812 189,812 190,811 191,811 193,809 195,809 198,812 203,812 209,806 211,806 212,807 214,807 219,812 226,812 231,807 232,807 235,810 243,810 244,809 246,811 261,811 269,819 275,819 287,807 292,812 298,812 299,811 308,811 309,812 316,812 318,810 319,810 320,809 324,813 331,813 333,811 336,811 338,813 344,813 345,812 359,812 360,813 365,813 366,812 369,812 372,815 378,815 379,814 384,814 386,812 397,812 398,813 405,813 406,812 409,812 410,813 417,813 420,810 422,810 426,814 432,814 439,807 441,807 455,821 456,821 457,822 463,822 464,821 465,821 466,820 469,820 477,812 479,812 482,809 486,813 509,813 511,811 512,812 522,812 523,811 525,813 532,813 534,811 535,811 538,814 545,814 546,813 547,813 548,814 555,814 560,809 562,809 566,813 573,813 575,811 578,811 580,813 588,813 590,811 591,812 599,812 600,811 608,811 614,805 622,813 623,813 625,815 637,815 638,816 644,816 645,815 646,815 647,814 648,814 649,813 650,813 652,811 653,811 655,809 656,809 661,814 668,814 669,813 670,813 677,820 683,820 692,811 736,811 738,813 744,813 749,808 754,808 754,778 744,778 738,772 737,772 736,771 730,771 728,773 726,771 720,771 718,773 717,773 716,774 715,774 708,781 707,780 700,780 694,786 688,780 687,780 681,774 680,774 679,773 672,773 671,774 669,774 663,780 662,780 657,775 647,775 645,773 640,773 639,772 628,772 627,773 623,773 622,774 621,774 612,783 608,783 607,784 603,784 598,779 591,779 589,781 588,781 587,780 581,780 580,781 579,781 578,780 577,780 576,779 573,779 564,770 563,770 562,769 553,769 552,770 550,770 549,771 547,771 546,772 544,772 535,781 533,781 531,779 523,779 521,781 520,781 519,780 511,780 508,783 507,783 504,780 498,780 497,781 492,781 482,771 475,771 474,772 473,772 472,773 471,773 470,774 469,774 468,775 467,774 465,774 464,773 460,773 459,772 454,772 453,773 451,773 441,783 440,783 429,772 421,772 419,774 418,774 413,779 408,779 406,781 405,780 385,780 384,781 382,781 381,780 376,780 375,781 374,781 372,783 359,783 355,779 338,779 337,780 325,780 318,773 311,773 309,775 308,775 305,778 296,778 294,780 293,780 291,782 288,782 284,778 256,778 254,780 252,778 246,778 244,780 242,778 235,778 233,780 230,780 227,777 220,777 219,778 218,778 216,780 214,780 212,778 203,778 196,771 189,771 188,770 186,770 185,769 184,769 183,768 181,768 180,767 166,767 165,768 164,768 153,779 150,776 143,776 142,775 126,775 124,777 123,777 115,769 109,769 103,775 101,775 100,774 94,774 93,775 92,775 91,774 84,774 83,775 82,775 80,773 74,773 72,775 71,775 68,772 63,772 61,774 56,774"/>
                <Baseline points="61,809 749,809"/>
                <TextEquiv>
                    <Unicode>unter Trompeten= und Paucken=Schall /</Unicode>
                </TextEquiv>
            </TextLine>
            <TextLine id="tl_18" primaryLanguage="German" custom="readingOrder {index:16;}">
                <Coords points="56,850 69,850 70,849 71,849 72,848 74,850 85,850 89,846 90,846 93,849 101,849 102,848 103,848 106,851 112,851 116,847 117,847 118,846 119,846 121,844 137,844 145,852 150,852 151,851 153,851 154,850 155,851 157,851 158,852 161,852 163,850 167,854 173,854 174,853 184,853 187,850 188,850 191,853 196,853 197,854 198,854 205,861 210,861 235,836 236,836 250,850 252,850 255,853 264,853 267,850 270,850 272,852 273,852 275,854 281,854 285,850 289,854 303,854 306,857 308,857 309,858 310,858 311,859 313,859 314,860 317,860 325,852 327,854 329,854 330,855 337,855 338,854 340,856 346,856 347,855 349,855 350,856 356,856 357,855 358,855 360,853 361,853 364,856 370,856 371,855 372,855 373,856 379,856 382,853 384,853 385,854 392,854 393,853 396,853 399,856 404,856 410,862 425,862 432,855 433,856 439,856 441,854 442,854 443,853 444,853 448,857 455,857 463,849 471,849 472,848 473,848 474,847 484,847 492,855 499,855 500,854 501,854 503,856 511,856 514,853 516,853 517,854 519,854 521,856 522,856 524,858 529,858 533,854 540,861 544,861 545,860 547,860 553,854 555,856 574,856 577,853 578,854 584,854 585,853 587,853 588,854 592,854 601,863 608,863 609,862 615,862 616,861 617,861 633,845 648,860 650,860 651,861 652,860 656,860 662,854 664,856 673,856 677,852 680,852 682,854 683,854 684,855 691,855 694,852 698,856 705,856 711,850 712,850 714,852 716,852 718,854 719,854 720,855 728,855 733,850 737,854 745,854 746,853 752,853 752,815 737,815 729,823 720,823 718,825 715,825 713,827 709,823 703,823 701,825 699,823 684,823 682,825 681,825 679,827 678,827 667,816 651,816 640,827 621,827 619,825 618,825 615,822 606,822 600,828 595,823 587,823 586,824 585,824 584,823 578,823 577,824 574,824 573,823 568,823 559,814 547,814 542,819 537,814 536,814 535,813 526,813 520,819 519,819 514,814 513,814 512,813 497,813 496,814 495,814 494,815 493,815 475,833 474,833 473,834 462,823 446,823 445,824 444,823 436,823 435,824 434,824 432,826 430,826 429,825 427,825 424,822 415,822 413,824 405,816 398,816 397,817 394,814 385,814 375,824 367,824 363,828 362,828 357,823 349,823 348,824 347,824 345,822 338,822 337,823 325,823 324,822 315,822 314,823 312,821 306,821 304,823 294,823 292,825 290,825 287,822 272,822 271,823 269,823 268,822 267,822 259,814 249,814 238,825 220,825 209,814 198,814 189,823 186,823 183,820 177,820 176,821 173,821 172,820 166,820 165,821 164,821 162,823 160,823 158,821 149,821 135,835 132,835 117,820 111,820 101,810 95,810 87,818 79,818 78,817 72,817 71,818 70,818 69,817 68,817 67,816 63,816 61,818 56,818"/>
                <Baseline points="61,852 747,852"/>
                <TextEquiv>
                    <Unicode>wie auch dreymaliger Lösung sowol</Unicode>
                </TextEquiv>
            </TextLine>
            <TextLine id="tl_19" primaryLanguage="German" custom="readingOrder {index:17;}">
                <Coords points="56,890 61,890 63,892 65,892 66,893 74,893 77,890 80,890 86,896 93,896 97,892 100,892 102,894 111,894 115,890 116,890 127,879 144,896 150,896 152,894 153,894 155,892 157,892 161,896 166,896 168,894 171,894 172,895 181,895 184,892 188,896 198,896 201,899 206,899 209,896 211,896 212,897 218,897 219,896 222,896 223,897 231,897 234,894 235,894 237,896 239,896 240,897 246,897 247,896 248,896 249,897 256,897 268,885 269,885 282,898 286,898 287,899 304,899 305,898 306,898 307,897 308,897 311,894 312,894 317,899 324,899 325,898 326,898 328,896 331,896 333,898 334,898 335,899 341,899 342,898 347,898 349,900 356,900 360,896 363,896 365,898 368,898 369,899 373,899 374,898 377,898 385,906 393,906 401,898 403,898 404,899 412,899 417,894 418,894 424,900 430,900 433,897 434,897 436,895 437,895 444,888 447,888 453,894 458,894 460,896 462,896 464,898 474,898 478,894 479,894 481,896 483,896 485,898 487,898 488,899 495,899 496,898 497,898 499,896 502,896 505,899 512,899 513,898 516,898 517,899 522,899 531,890 536,890 540,894 542,894 546,898 554,898 555,897 557,897 560,894 562,894 566,898 567,898 568,899 574,899 577,896 580,896 581,897 590,897 591,896 592,896 598,890 614,890 616,892 617,892 623,898 625,898 628,901 636,901 637,902 643,902 644,901 647,901 648,900 650,900 653,897 654,897 655,896 659,896 663,900 668,900 669,899 670,899 671,898 674,898 676,896 678,896 680,898 681,898 682,899 686,899 687,898 688,898 689,897 698,897 699,896 702,896 704,898 714,898 716,896 718,896 722,900 730,900 732,898 743,898 750,891 755,891 755,866 740,866 734,860 729,860 721,868 717,868 714,865 713,865 712,864 711,864 710,863 708,863 705,860 700,860 694,866 690,866 688,868 678,868 672,862 665,862 663,864 659,860 652,860 651,861 650,860 648,860 646,858 631,858 630,859 626,859 608,877 607,877 595,865 580,865 578,867 569,867 566,870 564,870 559,865 557,865 551,859 548,859 547,860 545,860 544,861 541,861 530,872 527,872 522,867 512,867 511,866 505,866 504,867 502,867 500,869 496,865 490,865 488,867 485,867 483,869 482,869 481,870 480,870 476,866 468,866 466,864 460,864 456,868 448,868 440,860 429,860 421,868 418,865 413,865 412,866 403,866 401,868 399,868 389,858 382,858 381,859 380,859 373,866 368,866 366,868 362,868 360,866 350,866 349,865 343,865 342,866 341,866 340,865 333,865 332,866 320,866 313,859 311,859 310,858 309,858 308,857 298,857 297,856 289,856 288,857 280,857 269,868 260,868 255,863 250,863 249,864 245,864 244,863 238,863 237,864 236,864 235,863 229,863 228,864 226,864 224,866 220,866 218,864 206,864 198,856 197,856 196,855 189,855 180,864 179,864 170,855 162,855 160,853 159,853 157,851 151,851 150,852 143,852 129,866 118,855 117,855 116,854 108,854 98,864 97,864 95,862 87,862 85,864 83,864 76,857 74,857 73,856 72,856 68,852 56,852"/>
                <Baseline points="61,896 750,896"/>
                <TextEquiv>
                    <Unicode>des kleinen Gewehrs von der Stadt=</Unicode>
                </TextEquiv>
                <TextStyle fontFamily="Times New Roman" fontSize="9.5"/>
            </TextLine>
            <TextLine id="tl_20" primaryLanguage="German" custom="readingOrder {index:18;} textStyle {offset:0; length:5;fontFamily:Antiqua;}">
                <Coords points="58,929 63,929 67,933 68,933 69,934 70,934 72,936 83,936 84,935 87,935 88,934 90,934 91,933 93,933 96,936 104,936 105,937 111,937 112,936 114,936 115,935 124,935 125,934 126,934 127,933 130,933 131,934 132,934 134,936 153,936 155,938 162,938 168,944 172,944 173,943 176,943 188,931 198,941 204,941 205,940 208,940 209,941 215,941 216,940 226,940 229,937 230,937 233,940 234,940 235,941 240,941 241,940 242,940 244,938 248,938 253,933 268,933 272,937 274,937 275,938 276,938 279,941 284,941 285,940 288,940 291,937 294,937 299,942 305,942 306,941 307,941 308,940 309,940 311,938 312,938 316,942 323,942 327,938 331,942 332,942 333,943 340,943 345,938 350,943 355,943 358,940 360,942 365,942 377,930 378,930 389,941 397,941 398,940 399,941 405,941 406,940 410,940 413,943 420,943 421,942 422,942 424,944 429,944 434,949 441,949 457,933 460,933 465,938 466,938 468,940 469,940 472,943 478,943 483,938 484,938 488,942 489,942 491,944 497,944 501,940 504,940 506,942 512,942 514,940 517,940 518,941 522,941 525,938 526,938 530,942 536,942 537,941 538,941 541,938 546,943 551,943 554,940 555,941 561,941 562,940 563,940 573,930 574,930 594,950 599,950 600,949 601,949 602,948 603,948 604,947 605,947 611,941 614,941 618,937 619,937 625,943 631,943 632,942 635,942 642,949 647,949 648,950 654,950 659,945 664,945 665,944 666,944 670,940 672,940 674,942 675,942 677,944 683,944 690,951 696,951 709,938 713,942 720,942 722,940 727,940 728,941 734,941 735,940 737,940 739,942 745,942 748,939 753,939 753,912 748,912 745,909 738,909 737,910 734,910 733,909 727,909 726,910 716,910 714,912 709,912 706,909 699,909 698,910 697,910 696,909 690,909 689,910 688,910 686,912 685,912 684,911 677,911 669,903 668,903 667,902 664,902 663,901 653,901 651,903 650,903 641,912 639,912 638,911 631,911 630,912 627,912 616,901 603,901 602,900 588,900 587,901 586,901 575,912 565,912 562,909 554,909 553,910 551,910 550,909 545,909 544,910 541,910 540,909 534,909 533,910 532,910 530,912 525,912 522,909 516,909 515,910 512,910 511,909 506,909 505,910 494,910 492,912 485,912 484,911 483,911 480,908 479,908 474,903 473,903 472,902 467,902 461,908 453,900 439,900 438,901 436,901 427,910 422,910 420,912 419,912 417,910 411,910 409,912 405,912 404,911 403,911 402,910 394,910 392,912 368,912 365,909 358,909 357,910 355,910 354,909 349,909 348,910 347,910 345,912 343,910 342,910 341,909 335,909 333,911 330,911 328,909 301,909 297,913 291,907 290,907 289,906 288,906 286,904 285,904 281,900 276,900 263,913 262,913 250,901 240,901 237,904 234,904 229,899 220,899 219,900 218,900 210,908 202,908 188,922 180,922 168,910 167,910 166,909 163,909 162,908 159,908 149,898 141,898 130,909 123,909 122,908 115,908 112,911 111,911 109,909 101,909 90,898 89,898 88,897 85,897 84,896 72,896 70,898 68,898 64,902 58,902"/>
                <Baseline points="63,939 748,939"/>
                <TextEquiv>
                    <Unicode>Garde, als deren auf denen Pasteyen</Unicode>
                </TextEquiv>
            </TextLine>
            <TextLine id="tl_21" primaryLanguage="German" custom="readingOrder {index:19;}">
                <Coords points="58,987 66,987 67,986 70,986 71,985 77,985 78,984 81,984 84,981 85,981 86,982 92,982 93,981 100,988 103,988 104,987 107,987 111,983 115,983 121,989 126,989 131,984 138,984 141,981 142,981 145,984 151,984 152,983 154,983 155,984 162,984 163,983 174,983 175,984 182,984 183,983 190,990 191,990 193,992 202,992 203,991 204,991 209,986 216,986 221,981 223,983 224,983 226,985 233,985 234,984 235,984 236,983 239,983 241,985 248,985 250,983 251,984 259,984 262,981 263,981 276,994 279,994 280,993 281,993 282,992 284,992 285,991 286,991 294,983 295,984 302,984 303,983 304,984 305,984 307,986 314,986 318,990 325,990 326,989 328,989 329,988 330,988 331,987 332,987 335,984 346,984 347,983 350,986 357,986 360,983 364,983 368,987 373,987 376,984 377,984 380,981 385,986 390,986 391,985 392,985 394,983 395,983 398,986 404,986 405,985 407,985 408,986 410,986 414,990 421,990 428,983 429,983 432,986 437,986 438,985 440,985 442,983 446,987 451,987 452,986 453,986 454,985 457,985 458,986 462,986 474,974 477,974 487,984 489,984 491,986 493,986 496,989 510,989 511,988 512,988 513,987 514,987 515,986 517,986 518,985 519,985 520,984 521,984 527,990 531,990 532,989 533,989 538,984 542,984 544,986 549,986 551,984 561,984 563,982 565,984 566,984 568,986 573,986 574,985 575,985 576,984 578,986 584,986 588,982 592,982 596,986 603,986 607,982 612,987 617,987 618,986 619,986 620,985 622,985 623,986 629,986 632,983 633,983 637,987 642,987 657,972 658,972 669,983 671,983 674,986 682,986 687,981 689,981 691,983 692,983 694,985 696,985 698,987 705,987 711,981 715,985 725,985 726,986 731,986 733,984 741,984 742,983 743,983 747,979 752,979 752,954 743,954 735,946 728,946 727,947 726,947 724,945 718,945 717,946 713,946 707,952 701,952 700,951 696,951 691,956 689,956 686,953 678,953 677,952 671,952 667,956 655,956 651,952 646,952 642,956 631,956 628,953 622,953 621,954 618,954 617,953 611,953 609,955 607,955 605,953 597,953 587,943 575,943 563,955 562,955 560,953 559,953 558,952 554,952 551,955 548,952 542,952 539,955 537,955 534,952 529,952 528,953 526,953 521,948 516,948 515,947 513,947 512,946 509,946 508,945 496,945 494,947 490,947 480,957 479,956 467,956 464,953 456,953 455,954 452,954 451,953 446,953 445,954 442,954 441,953 435,953 434,954 433,954 431,956 429,956 416,943 411,943 410,944 407,944 399,952 390,943 384,943 375,952 373,952 369,956 368,956 364,952 357,952 348,943 343,943 342,944 338,944 337,945 336,945 332,949 329,949 325,945 314,945 313,946 312,946 305,953 299,953 294,958 292,958 285,951 284,951 283,950 278,950 277,951 276,951 267,960 266,960 257,951 248,951 247,950 241,950 240,951 229,951 227,953 226,953 219,946 214,946 212,948 211,948 210,949 209,949 207,951 205,951 198,944 190,944 182,952 179,952 178,951 174,951 173,952 172,952 171,951 165,951 164,952 158,952 156,950 155,950 154,949 149,949 140,940 135,940 134,939 123,939 113,949 109,949 107,951 105,951 104,950 98,950 97,951 96,951 94,949 89,949 87,951 86,951 83,954 76,947 68,947 63,952 58,952"/>
                <Baseline points="63,984 747,984"/>
                <TextEquiv>
                    <Unicode>gepflantzten zahlreichen Stucken / voll=</Unicode>
                </TextEquiv>
            </TextLine>
            <TextLine id="tl_22" primaryLanguage="English" custom="readingOrder {index:20;}">
                <Coords points="57,1032 70,1032 71,1031 72,1031 77,1026 99,1026 104,1031 113,1031 118,1026 128,1026 129,1025 130,1025 133,1022 134,1022 138,1026 151,1026 154,1029 163,1029 172,1020 182,1020 191,1029 197,1029 213,1013 215,1013 231,1029 240,1029 241,1028 242,1029 251,1029 252,1028 253,1028 254,1029 262,1029 263,1028 264,1029 271,1029 273,1027 274,1027 277,1030 286,1030 289,1027 291,1027 293,1029 301,1029 303,1027 308,1027 310,1029 316,1029 318,1027 319,1027 321,1025 324,1025 326,1027 328,1027 329,1028 330,1028 331,1029 336,1029 338,1027 339,1027 341,1025 344,1025 348,1029 356,1029 358,1027 359,1027 363,1031 364,1031 365,1032 367,1032 368,1033 369,1032 373,1032 374,1033 375,1033 376,1034 377,1033 383,1033 388,1028 389,1028 390,1029 396,1029 397,1028 398,1028 399,1027 401,1027 403,1029 410,1029 412,1027 413,1027 414,1028 421,1028 440,1009 441,1009 461,1029 468,1029 469,1028 470,1028 475,1023 482,1030 487,1030 489,1028 490,1028 494,1032 499,1032 500,1031 501,1031 523,1009 525,1009 543,1027 553,1027 555,1025 560,1030 573,1030 574,1029 577,1029 579,1027 580,1027 581,1026 582,1026 583,1025 584,1025 590,1031 596,1031 597,1030 607,1030 609,1028 611,1030 619,1030 620,1029 628,1037 642,1037 650,1029 653,1032 658,1032 669,1021 682,1021 691,1030 698,1030 701,1027 703,1027 706,1030 713,1030 718,1025 719,1025 723,1029 730,1029 732,1027 734,1027 737,1030 744,1030 748,1026 753,1026 753,998 748,998 747,997 741,997 732,988 724,988 716,996 709,996 707,998 706,998 704,996 696,996 695,995 691,995 679,1007 668,996 661,996 652,1005 646,999 645,999 642,996 635,996 633,998 632,998 630,1000 627,1000 624,997 616,997 615,996 611,996 610,997 609,997 608,998 606,998 605,997 600,997 597,1000 594,997 589,997 580,988 578,988 577,987 566,987 565,988 564,988 562,986 548,986 534,1000 510,1000 507,997 500,997 490,987 484,987 483,988 482,988 474,996 472,996 471,995 470,995 464,989 457,989 446,1000 425,1000 420,995 414,995 413,996 410,996 409,995 404,995 403,996 393,986 374,986 373,987 371,987 370,988 368,988 360,996 353,996 351,998 350,998 348,1000 346,1000 343,997 342,997 341,996 340,996 337,993 335,993 331,989 326,989 325,990 324,990 318,996 314,996 313,995 308,995 307,996 293,996 287,990 286,991 285,991 284,992 282,992 281,993 280,993 278,995 277,995 276,996 272,996 271,995 265,995 264,996 260,996 259,995 254,995 253,996 251,996 250,995 243,995 242,996 238,996 236,994 231,994 225,1000 204,1000 200,996 192,996 182,1006 181,1006 165,990 157,990 152,995 149,995 148,994 142,994 141,995 140,995 138,997 134,993 119,993 117,995 115,995 107,987 104,987 103,988 100,988 99,987 98,988 95,988 92,985 90,985 89,984 84,984 83,985 81,985 80,984 78,984 77,985 71,985 70,986 67,986 66,987 63,987 62,988 57,988"/>
                <Baseline points="62,1027 748,1027"/>
                <TextEquiv>
                    <Unicode>führet: unterdessen die Burg / wie</Unicode>
                </TextEquiv>
            </TextLine>
            <TextLine id="tl_23" primaryLanguage="German" custom="readingOrder {index:21;}">
                <Coords points="56,1066 61,1066 64,1069 71,1069 73,1067 74,1068 81,1068 82,1067 85,1067 87,1069 96,1069 97,1070 103,1070 107,1066 110,1069 118,1069 120,1071 122,1071 124,1073 133,1073 144,1062 150,1062 155,1067 157,1067 159,1069 167,1069 168,1068 170,1068 172,1066 174,1066 178,1070 186,1070 187,1069 190,1072 198,1072 206,1064 216,1074 217,1074 221,1078 230,1078 231,1077 232,1077 233,1076 235,1076 240,1071 283,1071 292,1080 302,1080 309,1073 316,1073 320,1069 321,1069 326,1064 327,1064 331,1068 332,1068 338,1074 344,1074 346,1072 347,1073 357,1073 358,1074 372,1074 374,1072 375,1072 376,1071 377,1071 378,1070 379,1070 382,1067 383,1067 388,1072 396,1072 397,1071 403,1071 404,1072 411,1072 412,1071 413,1071 414,1072 421,1072 424,1069 425,1069 427,1071 437,1071 441,1067 447,1073 453,1073 454,1072 456,1072 458,1070 459,1070 462,1067 474,1067 476,1069 479,1069 481,1071 489,1071 491,1069 495,1069 499,1073 506,1073 507,1072 509,1072 510,1071 514,1071 515,1072 521,1072 522,1071 523,1071 525,1069 526,1069 528,1071 538,1071 540,1069 542,1069 546,1073 553,1073 555,1071 565,1071 567,1069 568,1069 572,1073 581,1073 585,1077 594,1077 600,1071 601,1071 604,1074 611,1074 612,1073 613,1073 615,1071 616,1071 619,1074 627,1074 630,1071 631,1071 635,1075 642,1075 643,1074 644,1074 645,1073 646,1073 648,1071 651,1071 653,1073 659,1073 665,1067 676,1067 680,1071 681,1071 683,1073 692,1073 693,1072 694,1072 695,1073 701,1073 702,1072 703,1072 705,1074 713,1074 715,1072 717,1074 723,1074 726,1071 730,1071 733,1074 739,1074 743,1070 745,1070 747,1068 752,1068 752,1042 746,1042 744,1040 743,1040 741,1038 740,1038 739,1037 738,1037 737,1036 736,1036 734,1034 726,1034 720,1040 715,1040 713,1042 712,1042 710,1040 700,1040 699,1039 694,1039 691,1042 689,1040 682,1040 675,1047 674,1047 668,1041 661,1041 655,1047 645,1037 637,1037 632,1042 631,1041 622,1041 621,1042 620,1042 614,1036 607,1036 600,1043 589,1032 578,1032 567,1043 566,1043 562,1039 555,1039 553,1041 552,1041 550,1039 544,1039 542,1041 541,1041 540,1040 539,1040 538,1039 531,1039 524,1032 513,1032 511,1034 510,1034 503,1041 501,1041 499,1043 496,1043 492,1039 491,1039 484,1032 476,1032 466,1042 459,1035 450,1035 443,1042 441,1040 440,1040 432,1032 424,1032 418,1038 410,1038 408,1040 405,1040 399,1034 393,1034 391,1036 388,1036 385,1033 377,1033 376,1034 375,1033 374,1033 373,1032 369,1032 368,1033 367,1032 365,1032 364,1031 351,1031 349,1033 347,1033 330,1050 329,1050 319,1040 312,1040 311,1041 310,1041 307,1044 306,1044 296,1034 288,1034 281,1041 279,1041 278,1040 272,1040 271,1041 262,1041 261,1042 257,1042 254,1039 246,1039 241,1044 239,1044 232,1037 224,1037 213,1048 211,1048 201,1038 193,1038 185,1030 177,1030 170,1037 169,1037 162,1030 154,1030 142,1042 139,1042 134,1037 133,1037 125,1029 119,1029 118,1030 117,1030 107,1040 106,1040 102,1036 95,1036 94,1037 92,1037 90,1035 85,1035 83,1037 79,1037 77,1035 69,1035 62,1042 56,1042"/>
                <Baseline points="61,1070 747,1070"/>
                <TextEquiv>
                    <Unicode>auch die gantze Stadt beleuchtet / und</Unicode>
                </TextEquiv>
                <TextStyle fontFamily="Times New Roman" fontSize="9.5"/>
            </TextLine>
            <TextLine id="tl_24" primaryLanguage="German" custom="readingOrder {index:22;}">
                <Coords points="56,1112 68,1112 69,1111 70,1111 71,1110 80,1110 82,1108 83,1108 85,1110 96,1110 98,1112 108,1112 113,1117 121,1117 128,1110 131,1113 138,1113 141,1110 143,1110 146,1113 155,1113 156,1112 158,1112 161,1109 162,1109 167,1104 179,1104 189,1114 206,1114 207,1113 208,1113 209,1114 215,1114 216,1113 217,1113 219,1111 223,1115 231,1115 232,1114 234,1114 236,1112 237,1112 239,1110 240,1110 243,1107 244,1107 257,1120 260,1120 262,1122 264,1122 266,1124 273,1124 274,1123 275,1123 276,1122 277,1122 278,1121 280,1121 282,1119 283,1119 284,1118 286,1118 289,1115 298,1115 300,1113 301,1113 303,1111 304,1111 308,1115 318,1115 320,1113 321,1113 325,1117 343,1117 347,1113 349,1113 351,1115 358,1115 359,1114 360,1114 361,1113 362,1113 363,1112 364,1112 365,1111 370,1116 371,1116 372,1117 375,1117 376,1116 377,1116 378,1115 379,1115 381,1113 382,1113 384,1115 405,1115 409,1111 413,1115 419,1115 420,1114 421,1114 430,1105 436,1111 437,1111 441,1115 443,1115 444,1116 447,1116 449,1118 461,1118 462,1117 466,1117 467,1116 468,1116 473,1111 474,1111 478,1115 485,1115 487,1113 494,1120 501,1120 506,1115 507,1115 508,1116 515,1116 522,1123 529,1123 533,1119 534,1119 540,1113 551,1113 552,1112 553,1112 554,1111 556,1111 559,1114 568,1114 569,1113 570,1113 578,1121 588,1121 600,1109 602,1109 614,1121 618,1121 619,1122 620,1122 622,1124 625,1124 626,1123 630,1123 631,1122 632,1122 638,1116 639,1116 640,1117 646,1117 649,1114 650,1114 658,1122 666,1122 674,1114 678,1114 681,1117 687,1117 692,1112 694,1112 698,1116 706,1116 707,1115 708,1115 711,1112 712,1112 716,1116 717,1116 718,1117 724,1117 727,1114 728,1114 732,1118 740,1118 741,1117 742,1117 746,1113 751,1113 751,1080 746,1080 744,1078 736,1078 734,1080 733,1080 730,1083 720,1083 718,1085 715,1085 713,1083 702,1083 692,1073 682,1073 673,1082 672,1082 666,1076 655,1076 654,1077 653,1077 652,1078 651,1078 646,1083 643,1083 641,1085 639,1085 637,1087 634,1087 633,1086 632,1086 629,1083 620,1083 616,1087 615,1086 596,1086 592,1082 583,1082 582,1081 574,1081 573,1082 562,1082 560,1084 558,1084 556,1082 541,1082 539,1084 536,1084 535,1083 534,1083 528,1077 527,1077 526,1076 519,1076 518,1077 516,1077 514,1075 512,1075 511,1074 498,1074 490,1082 479,1082 471,1074 442,1074 430,1086 428,1086 427,1085 420,1085 419,1086 408,1086 404,1082 385,1082 383,1084 382,1084 381,1083 380,1083 379,1082 375,1082 373,1084 368,1084 357,1073 346,1073 336,1083 335,1083 334,1084 332,1084 331,1083 324,1083 323,1084 321,1084 320,1083 312,1083 311,1084 310,1084 308,1086 306,1084 305,1084 304,1083 297,1083 296,1084 295,1084 288,1077 285,1077 284,1076 281,1076 280,1075 275,1075 274,1074 261,1074 259,1076 258,1076 250,1084 247,1084 239,1076 233,1076 232,1077 231,1077 230,1078 228,1078 225,1081 224,1081 217,1074 216,1074 215,1073 213,1073 212,1074 208,1074 201,1081 193,1081 191,1083 190,1083 180,1093 179,1093 161,1075 152,1075 146,1081 140,1075 134,1075 128,1081 126,1081 116,1071 106,1071 101,1076 98,1076 92,1070 85,1070 79,1076 74,1076 72,1078 70,1078 69,1077 62,1077 61,1078 56,1078"/>
                <Baseline points="61,1113 746,1113"/>
                <TextEquiv>
                    <Unicode>nichts als Freuden=Geschrey gehöret</Unicode>
                </TextEquiv>
            </TextLine>
            <TextLine id="tl_25" primaryLanguage="German" custom="readingOrder {index:23;}">
                <Coords points="55,1151 61,1151 62,1152 70,1152 71,1151 74,1151 76,1153 84,1153 85,1152 86,1152 89,1149 91,1151 93,1151 95,1153 105,1153 106,1152 107,1152 108,1151 111,1151 114,1154 122,1154 124,1152 125,1152 126,1151 130,1151 133,1154 143,1154 144,1153 148,1153 152,1157 160,1157 162,1155 164,1155 166,1157 175,1157 176,1158 183,1158 184,1157 194,1157 214,1137 253,1137 275,1159 283,1159 284,1158 288,1158 290,1160 299,1160 301,1158 304,1158 306,1160 318,1160 322,1156 325,1156 327,1158 335,1158 336,1157 337,1157 339,1159 340,1159 341,1160 347,1160 348,1159 350,1159 353,1156 354,1156 358,1152 387,1152 391,1156 393,1156 394,1157 403,1157 404,1156 407,1156 408,1155 409,1155 410,1154 411,1154 416,1159 423,1159 424,1158 425,1158 426,1159 432,1159 433,1158 447,1158 448,1159 454,1159 457,1156 459,1158 466,1158 468,1156 470,1158 477,1158 484,1151 499,1151 505,1157 506,1157 507,1158 513,1158 514,1157 517,1157 518,1158 525,1158 526,1157 528,1159 537,1159 538,1160 544,1160 545,1159 546,1159 548,1157 551,1157 553,1159 562,1159 566,1163 575,1163 576,1162 577,1162 588,1151 608,1151 614,1157 618,1157 619,1158 628,1158 631,1155 633,1155 636,1158 645,1158 646,1157 648,1157 650,1159 661,1159 667,1165 672,1165 678,1159 681,1159 682,1160 687,1160 694,1153 706,1153 719,1166 730,1166 734,1162 735,1162 741,1156 753,1156 753,1139 744,1139 734,1129 733,1129 732,1128 721,1128 708,1141 707,1141 685,1119 680,1119 679,1118 670,1118 662,1126 654,1126 652,1128 650,1128 644,1122 637,1122 633,1126 629,1126 627,1124 622,1124 620,1122 619,1122 618,1121 612,1121 594,1139 593,1139 571,1117 561,1117 550,1128 549,1128 547,1126 546,1126 545,1125 540,1125 539,1126 535,1126 534,1125 528,1125 527,1126 526,1126 524,1128 522,1128 521,1127 520,1127 519,1126 510,1126 508,1128 507,1128 494,1141 493,1141 477,1125 459,1125 457,1127 455,1127 454,1126 436,1126 435,1127 434,1127 432,1129 430,1127 429,1127 428,1126 421,1126 420,1127 419,1127 415,1131 411,1127 410,1127 407,1124 405,1124 404,1123 402,1123 398,1119 393,1119 370,1142 368,1142 352,1126 346,1126 345,1127 336,1118 328,1118 327,1119 326,1119 324,1121 322,1121 320,1119 319,1119 318,1118 317,1118 316,1117 287,1117 286,1118 284,1118 283,1119 282,1119 280,1121 278,1121 277,1122 276,1122 275,1123 274,1123 273,1124 270,1124 265,1129 200,1129 194,1135 184,1125 176,1125 175,1126 174,1125 166,1125 165,1126 163,1124 154,1124 150,1128 146,1124 145,1124 144,1123 143,1123 142,1122 141,1122 137,1118 130,1118 126,1122 114,1122 112,1124 110,1124 108,1122 96,1122 94,1124 91,1124 88,1121 79,1121 78,1120 70,1120 69,1119 63,1119 62,1120 55,1120"/>
                <Baseline points="60,1156 748,1156"/>
                <TextEquiv>
                    <Unicode>worden. Wie dann auch diese 3.</Unicode>
                </TextEquiv>
                <TextStyle fontFamily="Times New Roman" fontSize="9.5"/>
            </TextLine>
            <TextLine id="tl_26" primaryLanguage="German" custom="readingOrder {index:24;}">
                <Coords points="55,1196 60,1196 61,1197 67,1197 68,1196 74,1196 76,1198 79,1198 80,1199 88,1199 89,1198 90,1198 92,1196 93,1196 95,1194 106,1194 108,1196 110,1196 119,1205 133,1205 148,1190 153,1190 164,1201 170,1201 181,1190 195,1190 198,1187 200,1187 221,1208 231,1208 238,1201 240,1201 241,1202 249,1202 250,1201 261,1201 263,1199 265,1201 272,1201 275,1198 278,1198 279,1199 290,1199 293,1196 298,1201 299,1201 300,1202 306,1202 307,1201 309,1201 311,1203 317,1203 319,1201 322,1201 323,1202 330,1202 334,1198 335,1198 341,1204 348,1204 349,1203 351,1203 355,1207 361,1207 362,1206 364,1206 385,1185 401,1201 402,1201 403,1202 412,1202 413,1201 414,1201 415,1202 422,1202 423,1201 426,1201 428,1203 434,1203 435,1202 437,1202 440,1199 443,1202 462,1202 463,1201 464,1201 465,1202 472,1202 474,1200 475,1201 485,1201 487,1199 490,1202 496,1202 497,1201 498,1201 500,1199 504,1203 514,1203 519,1208 526,1208 539,1195 565,1195 573,1203 579,1203 580,1204 586,1204 587,1203 598,1203 599,1202 600,1202 601,1201 604,1201 606,1203 615,1203 619,1199 620,1199 622,1201 624,1201 626,1203 633,1203 637,1199 641,1199 645,1203 650,1203 651,1202 652,1202 653,1201 655,1203 661,1203 662,1202 663,1202 664,1201 668,1205 674,1205 675,1204 676,1204 681,1199 684,1202 690,1202 691,1201 693,1201 695,1203 699,1203 706,1210 712,1210 713,1211 719,1211 720,1210 721,1210 722,1209 723,1209 729,1203 731,1203 733,1205 739,1205 746,1198 751,1198 751,1169 742,1169 732,1179 731,1179 726,1174 725,1174 721,1170 714,1170 713,1171 712,1171 708,1175 705,1175 704,1174 703,1174 700,1171 699,1171 698,1170 692,1170 691,1171 690,1171 688,1173 684,1173 678,1167 677,1167 676,1166 670,1166 665,1171 662,1171 661,1170 654,1170 653,1171 652,1170 643,1170 640,1173 638,1173 635,1170 628,1170 627,1171 624,1171 616,1163 615,1163 614,1162 605,1162 604,1161 578,1161 577,1162 576,1162 575,1163 574,1163 550,1187 548,1187 529,1168 528,1168 522,1162 519,1162 518,1161 510,1161 504,1167 497,1160 489,1160 486,1163 484,1161 476,1161 468,1169 442,1169 440,1171 439,1170 431,1170 430,1171 424,1171 422,1169 404,1169 402,1171 370,1171 368,1169 367,1169 361,1163 360,1163 359,1162 352,1162 351,1163 347,1163 339,1171 338,1171 335,1168 329,1168 328,1169 327,1168 320,1168 319,1169 297,1169 295,1171 294,1170 293,1170 289,1166 288,1166 284,1162 276,1162 271,1167 265,1167 263,1169 262,1169 261,1168 259,1168 251,1160 243,1160 236,1167 235,1167 229,1161 227,1161 226,1160 223,1160 222,1161 217,1161 207,1171 201,1171 192,1180 191,1180 179,1168 170,1168 156,1182 151,1182 133,1164 124,1164 120,1168 119,1168 117,1170 116,1170 111,1165 104,1165 103,1166 96,1159 89,1159 87,1157 86,1157 85,1156 83,1156 82,1155 65,1155 60,1160 55,1160"/>
                <Baseline points="60,1198 746,1198"/>
                <TextEquiv>
                    <Unicode>Tag / hindurch nemlich Montag /</Unicode>
                </TextEquiv>
                <TextStyle fontFamily="Times New Roman" fontSize="9.5"/>
            </TextLine>
            <TextLine id="tl_27" primaryLanguage="German" custom="readingOrder {index:25;}">
                <Coords points="56,1241 64,1241 65,1240 67,1240 68,1239 69,1239 71,1237 72,1237 74,1239 76,1239 77,1240 79,1240 80,1241 85,1241 86,1240 90,1240 91,1239 92,1239 93,1238 94,1238 97,1235 101,1239 111,1239 113,1241 121,1241 123,1239 126,1239 128,1241 134,1241 135,1240 142,1247 146,1247 150,1251 154,1251 155,1250 157,1250 161,1246 167,1246 169,1244 170,1244 172,1242 175,1242 178,1245 183,1245 184,1244 187,1244 188,1245 193,1245 199,1251 201,1251 202,1252 210,1252 211,1251 213,1251 220,1244 222,1244 224,1246 229,1246 234,1241 237,1241 248,1252 252,1252 259,1245 264,1245 265,1244 267,1246 273,1246 275,1244 288,1244 289,1245 295,1245 298,1242 300,1244 302,1244 303,1245 311,1245 312,1244 313,1244 326,1231 328,1231 345,1248 364,1248 365,1247 367,1247 368,1246 374,1246 376,1248 383,1248 385,1246 387,1246 393,1252 398,1252 402,1248 410,1248 411,1247 412,1247 415,1244 416,1244 419,1247 427,1247 431,1243 432,1243 434,1245 441,1245 442,1244 443,1244 444,1243 445,1243 448,1246 449,1246 450,1247 456,1247 458,1245 459,1245 463,1241 465,1243 466,1243 469,1246 478,1246 483,1241 485,1241 491,1247 496,1247 497,1246 499,1246 500,1247 501,1247 504,1250 514,1250 523,1241 529,1247 534,1247 542,1239 543,1239 553,1249 555,1249 556,1250 561,1250 562,1249 567,1249 568,1248 575,1248 579,1244 581,1246 591,1246 597,1252 602,1252 610,1244 611,1245 617,1245 618,1244 619,1244 621,1246 627,1246 629,1244 630,1244 632,1246 637,1246 639,1244 642,1247 647,1247 648,1246 649,1246 651,1244 652,1244 654,1246 660,1246 662,1244 665,1244 666,1245 671,1245 672,1244 674,1244 676,1246 682,1246 684,1244 686,1246 692,1246 696,1242 702,1248 708,1248 709,1247 710,1247 711,1246 712,1246 714,1244 716,1244 719,1247 726,1247 731,1242 735,1246 742,1246 745,1243 747,1243 749,1241 754,1241 754,1215 749,1215 748,1214 740,1214 739,1213 733,1213 731,1215 730,1215 729,1214 723,1214 722,1215 718,1215 714,1211 713,1211 712,1210 706,1210 701,1215 682,1215 681,1214 675,1214 674,1215 660,1215 659,1214 652,1214 651,1215 649,1215 648,1214 640,1214 639,1215 637,1213 632,1213 630,1215 625,1215 614,1204 604,1204 603,1205 600,1205 598,1207 597,1207 592,1212 585,1212 583,1214 581,1214 579,1216 577,1216 576,1215 575,1215 573,1213 572,1213 570,1211 565,1211 564,1212 563,1212 552,1223 541,1212 536,1212 527,1221 526,1221 511,1206 510,1206 509,1205 500,1205 487,1218 486,1218 480,1212 474,1212 473,1213 472,1213 471,1214 470,1214 468,1216 466,1216 464,1218 461,1215 459,1215 458,1214 451,1214 450,1213 442,1213 441,1212 436,1212 435,1213 434,1213 433,1214 429,1210 423,1210 422,1211 421,1211 419,1213 414,1208 408,1208 405,1211 404,1211 399,1206 392,1206 389,1209 387,1209 383,1205 377,1205 376,1206 362,1206 361,1207 355,1207 354,1206 348,1206 347,1207 343,1207 335,1215 320,1215 307,1202 301,1202 299,1204 298,1204 289,1213 273,1213 272,1212 267,1212 266,1213 263,1213 262,1212 255,1212 252,1215 242,1215 239,1212 232,1212 229,1215 215,1215 212,1212 205,1212 204,1213 202,1213 197,1218 196,1218 190,1212 181,1212 173,1204 172,1204 171,1203 163,1203 162,1202 156,1202 155,1203 153,1203 146,1210 128,1210 126,1212 124,1210 123,1210 122,1209 119,1209 109,1199 103,1199 102,1200 101,1200 96,1205 95,1205 91,1201 90,1201 89,1200 88,1200 87,1199 79,1199 78,1198 65,1198 63,1200 56,1200"/>
                <Baseline points="61,1243 749,1243"/>
                <TextEquiv>
                    <Unicode>Dienstag / und Mittwoch / gesammter</Unicode>
                </TextEquiv>
                <TextStyle fontFamily="Times New Roman" fontSize="9.5"/>
            </TextLine>
            <TextLine id="tl_28" primaryLanguage="German" custom="readingOrder {index:26;}">
                <Coords points="56,1276 61,1276 68,1283 77,1283 80,1280 84,1284 93,1284 97,1280 99,1282 100,1282 101,1283 106,1283 109,1280 111,1280 116,1285 123,1285 124,1284 125,1284 127,1282 128,1282 130,1284 131,1284 132,1285 138,1285 139,1284 140,1284 148,1276 152,1276 164,1288 170,1288 172,1286 173,1286 175,1288 181,1288 182,1287 183,1287 185,1289 192,1289 200,1281 202,1281 215,1294 222,1294 233,1283 238,1288 244,1288 245,1287 246,1287 248,1285 251,1285 255,1289 271,1289 275,1285 277,1285 281,1289 287,1289 292,1294 298,1294 299,1293 301,1293 303,1291 317,1291 318,1290 319,1290 320,1289 321,1289 323,1287 324,1287 326,1289 327,1289 329,1291 334,1291 339,1296 340,1296 342,1298 353,1298 357,1294 360,1294 362,1296 365,1296 370,1301 380,1301 391,1290 396,1290 398,1288 399,1288 400,1287 403,1287 405,1289 406,1289 407,1290 412,1290 414,1288 415,1288 429,1274 432,1274 441,1283 442,1283 448,1289 449,1289 451,1291 466,1291 467,1290 470,1290 471,1289 473,1289 474,1288 475,1288 479,1284 480,1284 484,1288 493,1288 495,1290 500,1290 502,1288 504,1288 506,1290 511,1290 513,1288 514,1288 516,1286 520,1290 526,1290 527,1289 537,1289 546,1280 559,1280 565,1286 568,1286 570,1288 577,1288 578,1287 580,1287 583,1284 584,1284 590,1290 595,1290 596,1289 598,1289 601,1286 609,1294 610,1294 611,1293 617,1293 635,1275 637,1275 658,1296 667,1296 669,1294 673,1294 674,1293 677,1293 679,1291 682,1291 687,1286 691,1286 693,1288 695,1288 697,1290 704,1290 708,1286 716,1294 722,1294 730,1286 731,1286 736,1291 743,1291 748,1286 753,1286 753,1260 748,1260 745,1257 739,1257 738,1258 737,1258 735,1260 734,1260 724,1250 717,1250 709,1258 706,1258 705,1257 698,1257 697,1258 689,1258 687,1260 679,1252 678,1252 677,1251 660,1251 649,1262 627,1262 621,1256 611,1256 610,1255 605,1255 602,1258 601,1257 592,1257 590,1259 588,1259 577,1248 568,1248 567,1249 564,1249 545,1268 544,1268 536,1260 535,1260 534,1259 533,1259 530,1256 522,1256 515,1249 514,1250 503,1250 497,1256 489,1256 487,1258 486,1258 476,1248 469,1248 468,1249 465,1249 463,1247 446,1247 432,1261 423,1261 418,1256 403,1256 402,1257 399,1257 397,1255 392,1255 390,1257 381,1248 376,1248 375,1247 371,1247 370,1246 368,1246 367,1247 365,1247 355,1257 353,1257 352,1256 344,1256 343,1257 334,1248 333,1248 332,1247 326,1247 321,1252 314,1252 309,1257 306,1257 297,1248 295,1248 294,1247 287,1247 280,1254 279,1254 272,1247 271,1247 270,1246 263,1246 262,1247 261,1247 251,1257 250,1257 249,1256 237,1256 234,1259 231,1256 230,1256 229,1255 223,1255 221,1257 220,1257 219,1256 214,1256 209,1261 201,1261 200,1262 199,1262 193,1256 192,1256 191,1255 185,1255 183,1257 180,1254 178,1254 170,1246 165,1246 154,1257 152,1257 140,1245 136,1245 135,1244 130,1244 124,1250 121,1250 116,1255 113,1255 108,1250 107,1250 106,1249 104,1249 103,1248 102,1248 100,1246 99,1246 98,1245 92,1245 91,1244 86,1244 85,1245 83,1245 82,1244 81,1244 79,1242 76,1242 75,1241 65,1241 64,1242 56,1242"/>
                <Baseline points="61,1287 748,1287"/>
                <TextEquiv>
                    <Unicode>Adel in prächtigster Gala bey Hofe</Unicode>
                </TextEquiv>
            </TextLine>
            <TextLine id="tl_29" primaryLanguage="German" custom="readingOrder {index:27;}">
                <Coords points="56,1322 61,1322 63,1324 73,1324 74,1323 75,1323 76,1322 77,1322 81,1326 88,1326 94,1332 100,1332 106,1326 107,1326 109,1328 117,1328 118,1329 120,1329 124,1333 132,1333 137,1328 139,1328 140,1329 147,1329 148,1328 149,1328 152,1331 153,1331 154,1332 159,1332 162,1329 163,1329 166,1332 174,1332 175,1331 177,1331 179,1333 184,1333 186,1331 189,1331 192,1334 197,1334 202,1329 205,1332 211,1332 213,1330 214,1330 215,1329 217,1331 223,1331 233,1321 234,1321 248,1335 252,1335 257,1340 266,1340 272,1334 278,1334 280,1332 281,1332 303,1310 304,1310 311,1317 317,1317 319,1315 326,1322 331,1322 332,1321 342,1331 344,1331 346,1333 355,1333 358,1330 360,1330 361,1329 363,1331 366,1331 368,1333 377,1333 379,1331 380,1331 383,1328 384,1328 388,1332 395,1332 396,1331 398,1331 399,1332 406,1332 414,1324 422,1332 432,1332 433,1331 436,1331 437,1332 446,1332 447,1331 448,1331 451,1328 452,1328 457,1333 465,1333 467,1331 470,1331 472,1333 478,1333 481,1330 483,1330 486,1333 496,1333 501,1338 506,1338 508,1336 509,1336 515,1330 516,1330 520,1334 527,1334 531,1330 533,1330 535,1332 565,1332 569,1328 586,1328 590,1332 609,1332 610,1333 619,1333 620,1332 621,1333 628,1333 629,1332 632,1332 633,1333 634,1333 636,1335 645,1335 648,1332 650,1332 651,1333 652,1333 653,1334 658,1334 662,1330 664,1330 666,1332 667,1332 668,1333 674,1333 677,1330 680,1333 684,1333 685,1332 689,1332 691,1334 699,1334 700,1333 701,1333 702,1332 705,1332 708,1335 714,1335 720,1341 730,1341 738,1333 745,1333 749,1329 755,1329 755,1302 743,1302 740,1305 739,1305 734,1300 731,1300 724,1293 723,1293 722,1294 715,1294 706,1303 703,1303 700,1300 694,1300 691,1303 690,1303 688,1305 685,1302 684,1302 683,1301 678,1301 677,1302 675,1302 674,1301 667,1301 665,1303 664,1302 646,1302 645,1301 641,1301 633,1293 611,1293 610,1294 607,1294 601,1300 594,1300 592,1302 591,1302 579,1314 577,1314 563,1300 556,1300 554,1302 553,1302 551,1300 543,1300 542,1299 541,1299 540,1298 536,1298 532,1302 531,1301 524,1301 523,1302 522,1302 521,1303 520,1303 518,1305 513,1300 511,1300 505,1294 503,1294 502,1293 495,1293 488,1300 486,1300 478,1292 472,1292 465,1299 461,1299 459,1301 458,1301 456,1303 452,1303 449,1300 444,1300 443,1301 440,1301 439,1300 429,1300 428,1299 423,1299 421,1301 420,1301 418,1303 408,1303 404,1299 395,1299 393,1297 388,1297 382,1303 380,1301 370,1301 368,1303 361,1303 359,1301 350,1301 349,1300 342,1300 339,1303 320,1303 319,1302 312,1302 311,1303 291,1303 280,1292 279,1292 278,1291 276,1291 275,1290 266,1290 265,1291 262,1291 259,1294 256,1294 254,1292 247,1292 236,1303 226,1303 223,1300 215,1300 214,1301 213,1301 211,1299 205,1299 203,1301 202,1301 200,1299 195,1299 193,1301 190,1301 188,1303 187,1303 184,1300 177,1300 176,1301 175,1301 173,1299 167,1299 165,1301 163,1299 158,1299 147,1288 139,1288 133,1294 132,1294 126,1288 124,1288 123,1287 115,1287 113,1289 111,1287 108,1287 107,1286 98,1286 97,1287 96,1287 89,1294 85,1294 83,1292 78,1292 76,1294 75,1294 74,1293 67,1293 66,1294 64,1294 62,1296 56,1296"/>
                <Baseline points="61,1330 750,1330"/>
                <TextEquiv>
                    <Unicode>erschienen ist von welchem allernech=</Unicode>
                </TextEquiv>
                <TextStyle fontFamily="Times New Roman" fontSize="9.5"/>
            </TextLine>
            <TextLine id="tl_30" primaryLanguage="German" custom="readingOrder {index:28;}">
                <Coords points="59,1373 73,1373 76,1370 84,1370 87,1367 89,1367 92,1370 100,1370 101,1369 105,1369 106,1370 113,1370 114,1369 116,1371 123,1371 125,1369 128,1369 130,1371 131,1371 132,1372 140,1372 141,1371 142,1371 144,1369 145,1369 156,1358 157,1358 175,1376 181,1376 182,1375 183,1375 184,1374 189,1374 190,1375 196,1375 197,1374 199,1374 201,1376 209,1376 211,1374 212,1374 214,1376 218,1376 219,1375 220,1375 223,1372 225,1374 226,1374 227,1375 235,1375 239,1371 240,1371 243,1368 257,1368 264,1375 273,1375 274,1374 276,1376 282,1376 284,1374 286,1374 289,1377 306,1377 309,1374 310,1374 313,1377 327,1377 333,1383 340,1383 347,1376 348,1376 350,1378 368,1378 370,1376 373,1379 374,1379 377,1382 381,1382 382,1381 385,1381 392,1374 393,1374 395,1376 402,1376 403,1375 404,1375 407,1372 411,1376 430,1376 431,1375 433,1375 434,1374 439,1379 449,1379 451,1381 452,1381 453,1382 462,1382 468,1376 471,1376 472,1377 478,1377 479,1376 480,1376 493,1363 495,1363 507,1375 517,1375 518,1374 520,1374 522,1376 523,1376 525,1378 530,1378 531,1377 538,1377 539,1376 540,1376 541,1375 543,1375 544,1374 550,1374 553,1377 559,1377 560,1376 561,1376 568,1383 576,1383 583,1376 590,1376 597,1383 608,1383 615,1376 616,1376 618,1378 624,1378 629,1373 635,1379 642,1379 645,1376 648,1376 651,1379 658,1379 659,1378 660,1378 662,1376 664,1376 666,1378 667,1378 668,1379 673,1379 679,1373 682,1376 683,1376 686,1379 692,1379 693,1378 704,1378 706,1376 708,1378 724,1378 728,1382 746,1382 747,1381 748,1381 749,1380 754,1380 754,1346 749,1346 748,1345 747,1345 746,1344 744,1344 743,1343 737,1343 736,1344 735,1344 731,1348 728,1348 724,1344 718,1344 716,1346 714,1344 708,1344 706,1346 705,1345 704,1345 703,1344 696,1344 694,1346 693,1345 685,1345 684,1346 683,1346 673,1336 663,1336 661,1338 660,1337 653,1337 652,1338 651,1338 645,1344 638,1344 636,1346 633,1346 630,1343 616,1343 615,1344 612,1344 611,1343 610,1343 603,1336 601,1336 600,1335 593,1335 592,1336 591,1336 590,1335 588,1335 587,1334 586,1334 585,1333 576,1333 575,1334 574,1334 566,1342 558,1342 556,1344 553,1344 543,1334 541,1334 540,1333 534,1333 533,1334 512,1334 511,1335 510,1335 509,1336 508,1336 498,1346 485,1346 484,1345 483,1345 482,1344 474,1344 471,1347 470,1347 469,1348 468,1348 463,1343 462,1343 455,1336 449,1336 448,1337 445,1337 439,1343 437,1343 431,1337 426,1337 425,1338 423,1338 420,1335 411,1335 403,1343 401,1343 400,1342 394,1342 391,1345 388,1345 380,1337 373,1337 372,1338 366,1338 365,1337 363,1337 362,1336 349,1336 348,1335 338,1335 332,1341 329,1338 320,1338 312,1346 310,1346 309,1345 308,1345 306,1343 295,1343 294,1342 288,1342 287,1343 286,1343 283,1346 281,1346 279,1344 271,1344 267,1348 266,1348 256,1358 253,1358 237,1342 231,1342 230,1343 229,1343 227,1345 225,1345 224,1346 223,1346 221,1344 212,1344 211,1345 210,1344 207,1344 198,1335 191,1335 190,1336 189,1336 183,1342 179,1342 177,1344 174,1344 172,1346 158,1346 148,1336 147,1336 145,1334 137,1334 129,1342 127,1342 122,1337 115,1337 113,1339 112,1339 111,1338 105,1338 104,1339 103,1338 96,1338 86,1328 84,1328 83,1327 81,1327 80,1326 75,1326 74,1327 70,1327 65,1332 59,1332"/>
                <Baseline points="64,1374 749,1374"/>
                <TextEquiv>
                    <Unicode>stens eine ausführliche Beschreibung</Unicode>
                </TextEquiv>
                <TextStyle fontFamily="Times New Roman" fontSize="9.5"/>
            </TextLine>
            <TextLine id="tl_31" primaryLanguage="German" custom="readingOrder {index:29;}">
                <Coords points="54,1419 68,1419 69,1418 70,1418 71,1417 72,1417 75,1414 92,1414 96,1410 105,1410 110,1415 112,1415 113,1416 114,1416 115,1417 117,1417 118,1418 120,1418 121,1417 123,1417 124,1416 125,1416 129,1412 130,1413 131,1413 133,1415 150,1415 152,1413 156,1417 163,1417 164,1416 166,1416 169,1413 171,1413 176,1418 184,1418 185,1417 186,1417 187,1416 189,1416 191,1418 199,1418 200,1417 209,1417 215,1411 218,1411 229,1422 238,1422 242,1418 243,1418 244,1419 252,1419 253,1418 262,1427 269,1427 278,1418 280,1418 282,1420 289,1420 291,1418 292,1418 294,1420 300,1420 307,1413 310,1413 317,1420 327,1420 329,1418 331,1420 335,1420 336,1421 342,1421 344,1419 345,1419 347,1417 350,1417 352,1419 364,1419 365,1420 371,1420 372,1419 373,1419 377,1415 378,1415 380,1417 383,1417 385,1419 391,1419 392,1418 393,1418 396,1415 398,1415 401,1418 409,1418 410,1417 416,1417 416,1402 411,1402 395,1386 393,1386 387,1380 386,1381 382,1381 381,1382 378,1382 372,1388 370,1388 361,1379 353,1379 346,1386 345,1386 344,1387 342,1387 341,1388 339,1388 338,1389 336,1389 335,1388 328,1388 327,1389 326,1388 317,1388 314,1391 304,1391 300,1387 276,1387 275,1386 269,1386 268,1387 267,1387 266,1386 259,1386 258,1387 249,1378 248,1378 247,1377 239,1377 238,1378 236,1378 234,1380 233,1380 224,1389 212,1389 211,1388 210,1388 209,1387 199,1387 198,1386 190,1386 189,1387 188,1386 179,1386 178,1387 174,1387 163,1376 150,1376 142,1384 136,1384 133,1387 132,1387 118,1373 109,1373 97,1385 93,1381 92,1381 91,1380 72,1380 69,1377 68,1377 67,1376 64,1376 63,1377 62,1377 59,1380 54,1380"/>
                <Baseline points="59,1415 411,1415"/>
                <TextEquiv>
                    <Unicode>zu haben seyn wird.</Unicode>
                </TextEquiv>
            </TextLine>
            <TextEquiv>
                <Unicode>Sigmund von Kollonitsch / und Jhre
Durchl. Herr Printz von Sachsen=
Hildburgshausen / vertretten. Nach
der Tauf sogleich haben Jhre Königl.
Hoheit Herr Franciscus Herzog zu
Lothringen / und Groß=Hertzog zu
Toscana / als Groß=Meister des Or=
dens den neu=gebornen Ertz=Hertzogen
zum Ritter des Goldenen Vlieses
creiret: worbey die gesammte Herren
Rittern mit ihren gewöhnlichen Or=
dens=Habit erschienen; darauf von
dem Päpstlichen Herrn Nuntio das
Te Deum Laudamus angestimmet / und
solches von der Königl. Hof=Musik
unter Trompeten= und Paucken=Schall /
wie auch dreymaliger Lösung sowol
des kleinen Gewehrs von der Stadt=
Garde, als deren auf denen Pasteyen
gepflantzten zahlreichen Stucken / voll=
führet: unterdessen die Burg / wie
auch die gantze Stadt beleuchtet / und
nichts als Freuden=Geschrey gehöret
worden. Wie dann auch diese 3.
Tag / hindurch nemlich Montag /
Dienstag / und Mittwoch / gesammter
Adel in prächtigster Gala bey Hofe
erschienen ist von welchem allernech=
stens eine ausführliche Beschreibung
zu haben seyn wird.</Unicode>
            </TextEquiv>
        </TextRegion>
        <TextRegion type="paragraph" id="r_2_2" custom="readingOrder {index:3;}">
            <Coords points="54,1418 752,1418 752,1894 54,1894"/>
            <TextLine id="tl_32" primaryLanguage="German" custom="readingOrder {index:0;}">
                <Coords points="95,1453 103,1453 107,1457 108,1457 110,1459 111,1459 114,1462 120,1462 122,1460 124,1460 125,1459 128,1459 129,1458 131,1458 134,1455 136,1457 138,1457 139,1458 145,1458 146,1457 150,1457 151,1456 152,1456 154,1454 155,1454 156,1453 171,1453 180,1462 183,1462 190,1469 197,1469 199,1467 200,1467 204,1463 211,1463 221,1453 227,1459 229,1459 231,1461 240,1461 241,1460 242,1460 243,1459 244,1459 246,1457 251,1462 258,1462 260,1460 261,1460 265,1464 273,1464 284,1453 286,1453 292,1459 293,1459 294,1460 295,1460 297,1462 298,1462 300,1464 306,1464 308,1462 309,1462 312,1459 313,1459 318,1464 326,1464 327,1463 328,1463 331,1460 336,1465 342,1465 347,1460 350,1463 358,1463 359,1462 360,1462 361,1461 362,1461 365,1464 371,1464 373,1462 378,1462 385,1469 392,1469 396,1465 398,1465 399,1464 402,1464 404,1462 414,1462 415,1461 416,1461 417,1460 421,1464 428,1464 432,1460 435,1463 443,1463 444,1462 446,1464 447,1464 451,1468 460,1468 466,1462 467,1462 469,1464 476,1464 477,1463 478,1463 490,1451 493,1451 505,1463 516,1463 521,1458 522,1458 528,1464 533,1464 534,1463 535,1463 536,1462 537,1462 539,1460 542,1460 544,1462 561,1462 562,1461 563,1461 564,1460 565,1460 567,1462 568,1462 570,1464 577,1464 582,1469 590,1469 597,1462 608,1462 609,1461 610,1461 611,1460 614,1460 616,1462 617,1462 618,1463 625,1463 627,1461 630,1461 633,1464 640,1464 641,1463 643,1465 644,1465 648,1469 657,1469 663,1463 666,1466 674,1466 682,1458 683,1458 689,1464 698,1464 701,1461 704,1461 706,1463 737,1463 738,1464 744,1464 747,1461 748,1461 751,1458 756,1458 756,1433 737,1433 734,1430 728,1430 727,1431 720,1431 713,1424 705,1424 700,1429 694,1429 690,1433 684,1433 677,1426 676,1426 675,1425 669,1425 663,1431 661,1431 653,1423 652,1423 651,1422 639,1422 634,1427 629,1427 626,1424 616,1424 612,1428 599,1428 597,1430 594,1430 586,1422 584,1422 583,1421 573,1421 562,1432 561,1432 560,1431 559,1431 557,1429 549,1429 548,1430 544,1430 536,1422 535,1422 534,1421 501,1421 499,1423 498,1423 489,1432 482,1432 479,1429 471,1429 468,1432 466,1432 456,1422 455,1422 454,1421 443,1421 438,1426 435,1426 430,1421 429,1421 428,1420 422,1420 421,1421 420,1421 419,1420 411,1420 410,1421 407,1421 405,1423 404,1423 401,1420 390,1420 389,1421 387,1421 385,1423 383,1423 381,1421 370,1421 365,1426 363,1426 360,1423 348,1423 341,1430 335,1430 333,1432 329,1432 328,1431 320,1431 317,1434 314,1434 310,1430 303,1430 301,1428 294,1428 288,1434 279,1434 275,1430 265,1430 257,1422 251,1422 245,1428 240,1428 235,1423 227,1423 223,1427 222,1427 217,1422 214,1422 213,1421 211,1421 210,1420 207,1420 206,1419 196,1419 192,1423 189,1423 187,1421 178,1421 167,1432 165,1432 154,1421 153,1421 152,1420 145,1420 144,1421 142,1421 140,1423 139,1423 134,1418 130,1418 129,1417 127,1417 126,1416 124,1416 123,1417 121,1417 120,1418 118,1418 117,1417 115,1417 114,1416 113,1416 112,1415 111,1416 107,1416 105,1418 104,1418 101,1421 95,1421"/>
                <Baseline points="100,1461 751,1461"/>
                <TextEquiv>
                    <Unicode>Es ist die verläßliche Nachricht ein=</Unicode>
                </TextEquiv>
                <TextStyle fontFamily="Times New Roman" fontSize="9.5"/>
            </TextLine>
            <TextLine id="tl_33" primaryLanguage="German" custom="readingOrder {index:1;}">
                <Coords points="54,1507 61,1507 62,1506 63,1506 69,1512 76,1512 88,1500 90,1500 92,1498 93,1498 94,1497 95,1497 99,1501 105,1501 107,1499 110,1499 111,1500 112,1500 113,1501 121,1501 122,1500 130,1508 137,1508 138,1507 140,1509 147,1509 154,1502 157,1502 158,1503 164,1503 165,1502 170,1502 171,1503 178,1503 179,1502 184,1502 185,1503 190,1503 191,1502 193,1502 196,1505 197,1505 198,1506 202,1506 219,1489 220,1489 232,1501 233,1501 234,1502 235,1502 237,1504 247,1504 250,1501 251,1501 256,1506 257,1506 258,1507 264,1507 265,1506 267,1506 269,1508 272,1508 278,1514 286,1514 288,1512 295,1512 311,1496 312,1496 320,1504 323,1504 325,1506 334,1506 335,1505 336,1505 339,1502 341,1502 344,1505 345,1505 346,1506 352,1506 353,1505 354,1505 356,1507 365,1507 367,1505 368,1505 380,1493 382,1493 394,1505 395,1505 396,1506 404,1506 407,1503 408,1503 409,1502 411,1502 412,1503 413,1503 415,1505 420,1505 421,1506 427,1506 429,1504 430,1504 432,1502 436,1506 444,1506 445,1505 446,1505 447,1506 454,1506 455,1505 456,1505 470,1491 482,1503 485,1503 487,1505 488,1505 489,1506 494,1506 495,1505 496,1505 497,1504 499,1504 502,1501 506,1505 507,1505 509,1507 515,1507 519,1503 521,1503 524,1506 529,1506 530,1505 531,1505 533,1503 534,1504 540,1504 541,1503 544,1503 546,1505 555,1505 556,1504 557,1504 558,1503 561,1506 570,1506 571,1505 572,1505 573,1506 580,1506 595,1491 597,1491 610,1504 613,1504 614,1503 619,1503 620,1504 621,1504 627,1510 628,1509 630,1509 634,1505 640,1505 644,1501 647,1504 648,1504 650,1506 656,1506 657,1505 658,1505 659,1504 663,1504 667,1508 674,1508 678,1504 679,1504 683,1508 684,1508 685,1509 688,1509 689,1508 690,1508 692,1506 693,1506 695,1508 700,1508 705,1513 711,1513 713,1511 716,1514 722,1514 729,1507 736,1507 737,1506 744,1506 745,1505 746,1505 748,1503 749,1503 751,1501 756,1501 756,1476 747,1476 738,1467 728,1467 727,1468 726,1468 725,1467 723,1467 722,1466 721,1466 719,1464 713,1464 712,1465 711,1465 710,1466 709,1466 701,1474 700,1473 694,1473 691,1476 690,1476 689,1475 681,1475 680,1476 679,1476 678,1475 670,1475 669,1476 668,1476 666,1478 662,1474 655,1474 654,1473 649,1473 641,1465 631,1465 630,1466 628,1466 626,1464 614,1464 613,1465 612,1465 608,1469 606,1469 598,1477 584,1477 581,1474 580,1474 579,1473 549,1473 547,1475 543,1475 540,1472 535,1472 534,1473 533,1473 531,1475 530,1475 529,1474 522,1474 521,1475 518,1472 512,1472 507,1477 504,1477 500,1473 497,1473 491,1467 483,1467 471,1479 459,1479 454,1474 446,1474 445,1475 443,1475 442,1474 436,1474 435,1475 434,1475 432,1477 428,1473 419,1473 417,1475 415,1475 413,1477 412,1477 411,1476 410,1476 408,1474 399,1474 398,1473 392,1473 386,1479 373,1479 369,1475 360,1475 358,1477 350,1469 344,1469 340,1473 339,1473 338,1474 336,1474 335,1473 334,1473 333,1472 332,1472 328,1468 318,1468 310,1476 309,1476 298,1465 283,1465 282,1466 281,1466 273,1474 262,1474 258,1478 255,1478 250,1473 249,1473 246,1470 245,1470 241,1466 239,1466 238,1465 233,1465 232,1466 231,1466 219,1478 216,1478 210,1472 203,1472 198,1477 197,1477 196,1476 193,1476 192,1475 191,1475 189,1473 188,1473 187,1472 178,1472 177,1471 171,1471 170,1472 169,1472 157,1460 153,1460 152,1459 135,1459 124,1470 123,1469 116,1469 107,1460 95,1460 89,1466 85,1466 81,1470 79,1470 72,1463 66,1463 65,1464 63,1464 59,1468 54,1468"/>
                <Baseline points="59,1503 751,1503"/>
                <TextEquiv>
                    <Unicode>geloffen / daß die von denen Preussi=</Unicode>
                </TextEquiv>
                <TextStyle fontFamily="Times New Roman" fontSize="9.5"/>
            </TextLine>
            <TextLine id="tl_34" primaryLanguage="German" custom="readingOrder {index:2;}">
                <Coords points="54,1546 63,1546 64,1545 66,1545 72,1539 75,1542 83,1542 84,1543 86,1543 91,1548 96,1548 97,1547 98,1547 103,1542 105,1542 108,1545 114,1545 117,1542 120,1542 122,1544 129,1544 130,1543 131,1544 138,1544 143,1539 151,1547 159,1547 161,1545 164,1545 167,1548 168,1548 170,1550 177,1550 178,1549 180,1549 181,1548 182,1548 184,1546 185,1546 186,1545 188,1545 190,1547 196,1547 198,1545 202,1549 208,1549 210,1551 213,1551 215,1549 217,1551 222,1551 223,1550 228,1555 234,1555 235,1554 236,1554 241,1549 242,1549 251,1558 258,1558 269,1547 270,1547 275,1552 281,1552 284,1549 288,1549 289,1550 297,1550 298,1549 300,1549 301,1550 307,1550 313,1544 314,1544 317,1547 318,1547 320,1549 321,1549 323,1551 328,1551 329,1550 330,1550 331,1549 332,1549 336,1545 337,1545 340,1548 341,1548 343,1550 352,1550 353,1549 354,1549 357,1546 359,1546 364,1551 369,1551 370,1550 371,1550 373,1548 374,1548 376,1546 381,1551 382,1551 385,1554 386,1554 387,1555 392,1555 393,1554 395,1554 401,1548 403,1548 404,1549 411,1549 412,1548 413,1548 415,1550 423,1550 425,1548 426,1548 428,1550 433,1550 438,1545 440,1545 443,1548 446,1548 447,1549 448,1549 450,1551 456,1551 457,1550 458,1550 459,1549 461,1549 464,1546 465,1546 467,1548 468,1548 469,1549 470,1549 472,1551 475,1551 479,1555 484,1555 489,1550 494,1550 495,1549 496,1549 498,1547 499,1547 501,1549 502,1549 503,1550 510,1550 511,1549 512,1549 513,1550 518,1550 525,1557 529,1557 542,1544 543,1544 548,1549 554,1549 557,1546 559,1548 568,1548 569,1547 572,1547 574,1549 575,1549 577,1551 582,1551 583,1550 585,1550 588,1547 589,1547 592,1550 593,1550 594,1551 599,1551 601,1549 602,1549 607,1544 609,1546 610,1546 614,1550 618,1550 619,1551 624,1551 625,1552 634,1552 635,1551 636,1551 637,1550 639,1550 640,1549 641,1549 642,1548 643,1548 644,1547 645,1547 647,1545 648,1545 653,1550 663,1550 666,1553 668,1553 669,1554 674,1554 676,1552 677,1552 682,1547 685,1547 687,1549 694,1549 695,1548 696,1548 697,1549 702,1549 703,1548 705,1548 707,1550 708,1550 709,1551 714,1551 716,1549 717,1549 718,1548 720,1550 729,1550 736,1557 737,1557 738,1558 746,1558 747,1557 748,1557 749,1556 755,1556 755,1518 750,1518 743,1511 737,1511 735,1513 734,1513 729,1518 707,1518 705,1520 704,1520 703,1519 702,1519 699,1516 695,1516 694,1517 693,1517 692,1518 691,1518 686,1523 685,1523 672,1510 660,1510 655,1515 654,1515 648,1509 639,1509 638,1510 637,1510 636,1509 635,1509 634,1508 631,1508 630,1509 628,1509 627,1510 621,1504 620,1504 619,1503 614,1503 613,1504 612,1504 601,1515 597,1515 595,1517 594,1517 588,1511 581,1511 579,1513 578,1513 574,1517 573,1516 567,1516 566,1517 564,1515 563,1515 555,1507 548,1507 540,1515 533,1515 531,1517 530,1516 522,1516 521,1517 511,1517 510,1518 509,1518 508,1517 500,1517 499,1518 498,1517 496,1517 495,1516 489,1516 485,1520 483,1518 482,1518 481,1517 480,1517 479,1516 472,1516 467,1521 464,1521 460,1517 454,1517 453,1518 451,1518 450,1519 448,1519 446,1521 444,1521 441,1524 433,1516 428,1516 426,1518 424,1518 423,1517 418,1517 412,1511 404,1511 397,1518 389,1510 382,1510 381,1511 379,1511 372,1518 371,1518 370,1517 362,1517 360,1519 357,1519 355,1517 348,1517 347,1518 346,1518 345,1519 343,1519 341,1521 338,1521 334,1517 317,1517 314,1520 309,1520 307,1518 300,1518 298,1520 297,1520 296,1519 295,1519 294,1518 289,1518 287,1520 286,1520 284,1518 278,1518 276,1520 270,1520 267,1517 259,1517 258,1518 256,1516 251,1516 249,1518 246,1518 243,1515 237,1515 235,1517 234,1516 227,1516 225,1518 223,1516 215,1516 214,1517 213,1517 212,1516 197,1516 190,1509 189,1509 188,1508 182,1508 181,1509 180,1509 177,1506 166,1506 165,1505 158,1505 157,1506 155,1506 144,1517 143,1517 139,1513 138,1513 137,1512 117,1512 116,1511 111,1511 110,1512 109,1512 106,1515 93,1502 92,1502 91,1501 87,1501 76,1512 75,1512 73,1514 72,1514 70,1512 69,1512 63,1506 62,1506 61,1507 54,1507"/>
                <Baseline points="59,1548 750,1548"/>
                <TextEquiv>
                    <Unicode>schen Truppen vorhin occupitrte Schantz</Unicode>
                </TextEquiv>
                <TextStyle fontFamily="Times New Roman" fontSize="9.5"/>
            </TextLine>
            <TextLine id="tl_35" primaryLanguage="German" custom="readingOrder {index:3;}">
                <Coords points="53,1590 63,1590 64,1589 65,1589 66,1588 68,1588 69,1589 70,1589 72,1591 79,1591 80,1590 85,1590 91,1584 92,1584 94,1586 105,1586 106,1587 110,1587 113,1584 115,1586 116,1586 118,1588 125,1588 130,1583 132,1583 137,1588 141,1588 143,1586 144,1586 147,1589 148,1589 149,1590 155,1590 156,1589 159,1592 164,1592 167,1589 168,1589 170,1591 186,1591 189,1588 192,1591 193,1591 194,1592 200,1592 201,1591 202,1591 204,1589 207,1589 211,1593 217,1593 220,1590 222,1592 223,1592 224,1593 229,1593 235,1587 247,1587 252,1592 253,1592 254,1593 259,1593 260,1592 261,1592 263,1594 270,1594 272,1592 275,1595 285,1595 286,1596 291,1596 292,1595 293,1595 296,1592 297,1592 300,1595 308,1595 310,1593 311,1593 313,1591 314,1591 318,1587 325,1587 332,1594 333,1594 334,1595 335,1595 336,1596 343,1596 344,1595 345,1595 346,1594 348,1596 355,1596 357,1594 361,1594 363,1596 368,1596 369,1595 370,1595 374,1591 377,1591 379,1593 388,1593 389,1592 390,1593 395,1593 396,1592 398,1592 399,1591 400,1591 402,1593 407,1593 409,1591 410,1591 413,1594 418,1594 424,1600 431,1600 432,1601 437,1601 439,1599 440,1599 447,1592 448,1593 455,1593 457,1591 460,1591 462,1593 470,1593 480,1583 488,1591 491,1591 492,1592 499,1592 501,1590 502,1590 504,1588 507,1588 508,1589 509,1589 513,1593 518,1593 520,1591 526,1591 527,1592 528,1592 529,1593 533,1593 535,1591 536,1591 544,1583 545,1583 548,1586 553,1586 555,1584 562,1591 564,1591 567,1594 572,1594 573,1595 582,1595 583,1594 589,1594 590,1593 591,1593 593,1591 594,1591 596,1589 597,1589 599,1591 600,1591 603,1594 609,1594 610,1593 611,1593 612,1592 613,1593 618,1593 620,1591 621,1591 623,1589 624,1589 629,1594 635,1594 637,1592 638,1592 645,1599 652,1599 657,1594 659,1596 666,1596 671,1601 676,1601 677,1600 678,1600 682,1596 688,1596 693,1591 697,1591 700,1594 706,1594 709,1591 711,1591 714,1594 721,1594 724,1597 730,1597 736,1603 743,1603 744,1602 746,1602 750,1598 755,1598 755,1562 749,1562 746,1559 738,1559 733,1564 730,1561 723,1561 722,1562 720,1562 718,1560 714,1560 712,1562 710,1562 709,1561 703,1561 702,1562 693,1553 691,1553 690,1552 688,1552 687,1551 679,1551 678,1552 676,1552 674,1554 673,1554 671,1556 668,1553 666,1553 664,1551 650,1551 642,1559 640,1559 633,1552 622,1552 615,1559 611,1559 609,1561 607,1559 603,1559 597,1553 587,1553 586,1552 579,1552 578,1551 570,1551 569,1552 567,1552 566,1553 564,1553 553,1564 546,1564 540,1558 534,1558 533,1559 525,1559 523,1561 522,1560 514,1560 513,1561 512,1561 511,1562 510,1562 508,1564 506,1564 500,1558 499,1558 498,1557 496,1557 494,1555 493,1555 492,1554 487,1554 486,1555 485,1555 481,1559 480,1559 473,1552 472,1552 471,1551 466,1551 465,1552 461,1552 454,1559 451,1559 448,1562 446,1562 444,1564 442,1562 441,1562 440,1561 439,1561 437,1559 429,1559 427,1561 426,1561 423,1564 422,1564 418,1560 409,1560 408,1561 407,1561 406,1560 400,1560 398,1562 391,1562 390,1561 385,1561 384,1562 383,1562 381,1564 380,1564 370,1554 360,1554 359,1553 334,1553 333,1554 331,1554 330,1555 329,1555 321,1563 314,1556 312,1556 311,1555 305,1555 295,1565 293,1563 292,1563 291,1562 284,1562 283,1563 282,1563 280,1561 275,1561 274,1562 272,1562 271,1563 266,1563 264,1561 258,1561 253,1566 252,1566 243,1575 241,1575 229,1563 228,1563 226,1561 225,1561 224,1560 219,1560 208,1549 196,1549 195,1550 194,1550 193,1551 191,1551 185,1557 180,1557 178,1559 176,1557 169,1557 167,1559 164,1556 159,1556 158,1557 152,1557 143,1548 135,1548 134,1549 130,1549 127,1546 113,1546 105,1554 97,1554 88,1545 82,1545 81,1546 80,1546 79,1545 78,1545 76,1543 68,1543 66,1545 64,1545 63,1546 53,1546"/>
                <Baseline points="58,1592 750,1592"/>
                <TextEquiv>
                    <Unicode>Jablunka aus Mangel der Subsistenz</Unicode>
                </TextEquiv>
                <TextStyle fontFamily="Times New Roman" fontSize="9.5"/>
            </TextLine>
            <TextLine id="tl_36" primaryLanguage="German" custom="readingOrder {index:4;}">
                <Coords points="52,1627 62,1627 63,1628 73,1628 76,1625 79,1625 81,1627 82,1627 84,1629 85,1629 86,1630 93,1630 96,1627 98,1627 101,1630 109,1630 110,1629 112,1631 119,1631 127,1623 133,1623 139,1629 141,1629 142,1630 143,1630 145,1632 152,1632 154,1630 155,1630 156,1629 159,1629 165,1635 172,1635 175,1632 176,1632 179,1635 186,1635 187,1634 189,1634 191,1636 196,1636 198,1634 201,1634 203,1636 204,1636 205,1637 210,1637 213,1634 215,1634 218,1637 226,1637 227,1636 232,1636 240,1644 246,1644 247,1643 248,1643 253,1638 263,1638 267,1634 271,1638 277,1638 281,1634 286,1639 293,1639 294,1638 295,1638 298,1635 299,1635 300,1634 302,1634 307,1639 315,1639 318,1636 319,1636 321,1638 340,1638 352,1626 354,1626 366,1638 371,1638 372,1637 373,1637 375,1635 378,1635 380,1637 389,1637 393,1633 395,1633 399,1637 406,1637 407,1636 408,1636 409,1635 410,1635 412,1637 420,1637 424,1633 427,1633 431,1637 439,1637 445,1631 451,1637 460,1637 462,1635 464,1635 468,1639 473,1639 478,1634 480,1634 485,1639 492,1639 494,1637 495,1638 500,1638 501,1637 502,1637 503,1636 513,1636 515,1634 517,1636 525,1636 527,1634 529,1636 533,1636 534,1635 536,1635 537,1634 539,1634 541,1636 550,1636 552,1634 554,1634 556,1636 574,1636 587,1623 598,1634 600,1634 602,1636 603,1636 604,1637 609,1637 610,1636 611,1636 618,1629 625,1636 630,1636 631,1635 632,1635 635,1632 639,1636 647,1636 650,1633 651,1633 652,1632 656,1636 663,1636 664,1635 665,1635 666,1634 667,1634 670,1637 675,1637 676,1636 680,1636 682,1638 686,1638 691,1643 699,1643 701,1641 702,1641 703,1642 709,1642 715,1636 716,1636 717,1637 724,1637 727,1634 729,1636 730,1636 731,1637 738,1637 739,1636 742,1636 743,1637 754,1637 754,1606 749,1606 748,1605 739,1605 738,1606 737,1605 729,1605 719,1595 705,1595 704,1594 697,1594 685,1606 684,1606 683,1605 682,1605 681,1604 673,1604 667,1598 666,1598 665,1597 654,1597 647,1604 637,1604 635,1602 627,1602 625,1604 624,1604 621,1607 619,1607 614,1602 606,1602 605,1601 598,1601 592,1607 577,1607 572,1602 565,1602 563,1604 555,1604 554,1605 553,1605 552,1604 551,1604 550,1603 543,1603 539,1607 538,1607 533,1602 527,1602 524,1605 521,1602 515,1602 513,1604 512,1603 505,1603 503,1605 502,1605 500,1603 495,1603 494,1604 493,1604 492,1605 490,1605 488,1603 483,1603 481,1605 480,1604 473,1604 472,1603 465,1603 463,1605 461,1603 455,1603 453,1605 452,1605 451,1606 450,1606 448,1608 445,1605 444,1605 443,1604 442,1604 441,1603 438,1603 436,1601 432,1601 431,1600 423,1600 420,1603 412,1603 404,1595 399,1595 398,1596 397,1596 388,1605 374,1605 373,1606 371,1604 365,1604 364,1605 363,1605 360,1608 342,1608 339,1605 332,1605 330,1607 329,1607 328,1606 320,1606 319,1607 318,1606 309,1606 308,1607 306,1607 304,1609 302,1609 298,1605 297,1605 291,1599 283,1599 280,1596 274,1596 273,1597 269,1597 265,1601 264,1601 259,1596 257,1596 256,1595 247,1595 246,1596 244,1596 236,1604 234,1604 233,1603 227,1603 226,1604 215,1604 214,1603 207,1603 204,1606 201,1606 196,1601 186,1601 185,1600 179,1600 178,1601 175,1601 174,1600 169,1600 165,1604 161,1604 159,1602 157,1602 148,1593 140,1593 127,1606 126,1606 118,1598 110,1598 109,1599 108,1599 107,1598 101,1598 100,1599 97,1599 94,1596 86,1596 83,1599 79,1599 74,1594 59,1594 57,1596 52,1596"/>
                <Baseline points="57,1634 749,1634"/>
                <TextEquiv>
                    <Unicode>von denenselben wiederumen verlassen</Unicode>
                </TextEquiv>
                <TextStyle fontFamily="Times New Roman" fontSize="9.5"/>
            </TextLine>
            <TextLine id="tl_37" primaryLanguage="German" custom="readingOrder {index:5;}">
                <Coords points="52,1667 57,1667 59,1669 60,1669 61,1670 68,1670 69,1669 73,1669 74,1670 75,1670 76,1671 83,1671 87,1667 90,1670 91,1670 93,1672 94,1672 96,1674 102,1674 103,1673 104,1673 108,1669 113,1674 121,1674 123,1672 127,1672 129,1674 131,1674 132,1675 139,1675 140,1674 141,1674 145,1670 152,1677 158,1677 159,1676 160,1676 162,1674 163,1674 167,1678 183,1678 189,1672 190,1672 198,1680 204,1680 224,1660 233,1660 252,1679 254,1679 256,1681 265,1681 266,1682 273,1682 274,1681 277,1681 278,1682 284,1682 285,1681 294,1681 295,1680 296,1680 297,1679 301,1679 304,1682 312,1682 328,1666 331,1666 352,1687 357,1687 362,1682 363,1682 364,1683 370,1683 375,1678 376,1678 378,1680 385,1680 386,1679 387,1679 401,1665 402,1665 417,1680 420,1680 421,1681 427,1681 430,1678 444,1678 445,1679 454,1679 455,1678 456,1679 464,1679 465,1678 468,1678 470,1680 479,1680 480,1679 481,1679 482,1678 483,1678 491,1670 492,1670 508,1686 523,1686 530,1679 537,1679 539,1677 540,1677 541,1676 545,1676 547,1678 552,1678 553,1679 559,1679 560,1678 562,1678 568,1684 569,1684 570,1685 586,1685 593,1678 594,1678 595,1679 601,1679 602,1678 603,1678 605,1676 606,1676 615,1667 628,1680 629,1680 630,1681 638,1681 639,1680 654,1680 656,1678 659,1678 660,1679 668,1679 671,1676 673,1676 677,1680 682,1680 683,1679 685,1679 688,1676 690,1676 692,1678 698,1678 699,1677 700,1677 701,1676 703,1678 706,1678 715,1687 726,1687 727,1686 729,1686 730,1685 731,1685 736,1680 739,1680 740,1681 746,1681 747,1680 748,1680 749,1679 755,1679 755,1646 742,1646 740,1648 739,1648 737,1650 735,1650 734,1649 732,1649 730,1647 729,1647 728,1646 720,1646 716,1650 713,1650 709,1646 702,1646 700,1648 699,1647 698,1647 697,1646 692,1646 690,1648 688,1648 687,1647 679,1647 678,1648 670,1640 659,1640 658,1639 657,1639 656,1638 644,1638 643,1639 639,1639 638,1638 632,1638 631,1639 629,1639 618,1650 612,1650 599,1637 596,1637 595,1636 587,1636 586,1637 582,1637 581,1636 575,1636 574,1637 573,1637 564,1646 551,1646 549,1648 546,1648 544,1646 543,1646 542,1645 537,1645 536,1646 529,1646 527,1648 526,1648 524,1646 513,1646 511,1648 510,1648 508,1650 484,1650 481,1647 476,1647 475,1648 473,1648 471,1650 466,1650 462,1646 448,1646 441,1639 433,1639 424,1648 419,1648 417,1650 392,1650 388,1646 379,1646 372,1639 352,1639 341,1650 337,1650 336,1651 335,1651 333,1653 320,1653 315,1648 314,1648 312,1646 311,1646 307,1642 298,1642 293,1647 291,1647 289,1649 273,1649 272,1648 265,1648 264,1649 262,1649 260,1647 254,1647 248,1653 220,1653 213,1646 205,1646 198,1653 197,1653 195,1651 194,1651 193,1650 188,1650 182,1644 154,1644 152,1646 146,1646 144,1644 143,1644 140,1641 139,1641 133,1635 127,1635 121,1641 110,1641 107,1644 103,1640 97,1640 96,1641 93,1641 91,1643 89,1643 85,1639 77,1639 76,1638 52,1638"/>
                <Baseline points="57,1677 750,1677"/>
                <TextEquiv>
                    <Unicode>worden / und sie eine grosse Menge</Unicode>
                </TextEquiv>
                <TextStyle fontFamily="Times New Roman" fontSize="9.5"/>
            </TextLine>
            <TextLine id="tl_38" primaryLanguage="German" custom="readingOrder {index:6;}">
                <Coords points="50,1709 60,1709 62,1711 63,1711 64,1712 66,1712 67,1713 68,1713 69,1714 70,1714 71,1715 79,1715 80,1716 84,1716 85,1715 90,1715 94,1711 96,1711 100,1715 108,1715 109,1716 116,1716 117,1715 118,1715 120,1717 126,1717 127,1716 136,1725 138,1725 139,1726 145,1726 146,1725 148,1725 149,1724 150,1724 158,1716 159,1716 165,1722 171,1722 184,1709 190,1709 200,1719 203,1719 204,1720 205,1720 207,1722 213,1722 216,1719 219,1719 223,1723 231,1723 232,1722 235,1722 237,1724 246,1724 248,1722 252,1722 253,1723 262,1723 263,1722 265,1722 267,1724 275,1724 276,1723 277,1723 290,1710 292,1710 306,1724 319,1724 320,1723 322,1723 323,1724 333,1724 336,1721 337,1721 340,1724 348,1724 350,1722 351,1722 352,1721 356,1725 363,1725 366,1722 368,1724 372,1724 373,1723 374,1723 376,1721 399,1721 400,1722 409,1722 410,1721 413,1721 414,1722 415,1722 416,1723 422,1723 426,1719 427,1719 429,1721 430,1721 431,1722 438,1722 441,1719 443,1721 446,1721 447,1722 453,1722 454,1721 455,1721 456,1720 457,1720 458,1719 461,1719 464,1722 465,1722 466,1723 472,1723 474,1721 475,1722 482,1722 483,1721 484,1721 486,1719 488,1719 492,1723 499,1723 521,1701 522,1701 540,1719 541,1719 544,1722 551,1722 553,1720 554,1721 563,1721 564,1720 565,1720 566,1721 572,1721 573,1720 584,1720 585,1719 591,1719 592,1720 600,1720 601,1719 602,1719 603,1718 604,1718 617,1705 619,1705 620,1706 621,1706 635,1720 645,1720 646,1721 653,1721 654,1720 656,1722 664,1722 665,1721 676,1721 677,1720 683,1720 684,1721 690,1721 691,1720 692,1720 694,1718 695,1718 697,1716 701,1720 702,1720 703,1721 711,1721 712,1720 716,1720 718,1722 726,1722 727,1721 728,1721 731,1718 732,1718 736,1722 746,1722 749,1719 755,1719 755,1691 750,1691 749,1690 740,1690 739,1691 735,1691 733,1689 718,1689 716,1691 714,1689 706,1689 704,1691 703,1691 701,1693 698,1690 697,1690 696,1689 694,1689 692,1687 690,1687 687,1684 686,1684 685,1683 679,1683 673,1689 663,1689 662,1688 656,1688 655,1689 651,1689 650,1688 642,1688 639,1691 638,1691 636,1693 620,1693 619,1692 610,1692 606,1688 603,1688 600,1685 598,1685 595,1682 589,1682 583,1688 566,1688 564,1690 563,1690 562,1689 554,1689 553,1690 551,1690 550,1689 542,1689 539,1692 512,1692 509,1689 502,1689 501,1690 500,1690 498,1692 487,1692 485,1690 484,1690 483,1689 476,1689 474,1691 473,1690 464,1690 461,1693 457,1689 446,1689 444,1691 437,1684 431,1684 429,1686 428,1686 426,1684 418,1684 416,1686 415,1686 410,1681 403,1681 395,1689 387,1689 385,1691 383,1691 382,1690 379,1690 378,1691 377,1691 375,1693 374,1692 373,1692 372,1691 366,1691 364,1693 357,1693 350,1686 348,1686 347,1685 346,1685 345,1684 338,1684 337,1683 336,1683 335,1682 326,1682 325,1683 322,1683 321,1684 308,1684 300,1692 271,1692 263,1684 253,1684 247,1690 243,1690 234,1681 227,1681 218,1690 211,1690 209,1688 202,1688 192,1698 190,1698 180,1688 172,1688 162,1698 161,1698 143,1680 134,1680 131,1677 121,1677 115,1683 105,1683 97,1675 95,1675 94,1674 86,1674 85,1673 84,1673 83,1672 82,1672 81,1671 69,1671 67,1673 66,1673 63,1676 61,1676 55,1682 50,1682"/>
                <Baseline points="55,1719 750,1719"/>
                <TextEquiv>
                    <Unicode>Saltz / viele Munition / und andere</Unicode>
                </TextEquiv>
                <TextStyle fontFamily="Times New Roman" fontSize="9.5"/>
            </TextLine>
            <TextLine id="tl_39" primaryLanguage="German" custom="readingOrder {index:7;}">
                <Coords points="52,1757 63,1757 64,1756 73,1756 74,1755 77,1755 79,1757 88,1757 90,1755 92,1755 94,1757 101,1757 103,1755 106,1755 110,1759 116,1759 117,1758 118,1758 119,1757 122,1760 130,1760 138,1768 141,1768 142,1769 152,1769 159,1762 170,1762 172,1760 173,1760 175,1758 179,1762 185,1762 189,1758 190,1758 198,1766 199,1766 200,1767 214,1767 217,1764 219,1764 222,1767 229,1767 232,1764 233,1764 236,1767 244,1767 247,1764 249,1764 252,1767 255,1767 262,1774 269,1774 276,1767 282,1767 283,1766 284,1767 285,1767 286,1768 292,1768 293,1767 294,1767 295,1766 296,1766 297,1767 303,1767 308,1772 314,1772 315,1771 317,1771 321,1767 322,1768 329,1768 331,1766 333,1766 335,1768 341,1768 342,1767 343,1767 345,1765 348,1765 349,1766 359,1766 362,1763 364,1765 366,1765 367,1766 373,1766 375,1764 383,1764 385,1762 386,1762 393,1755 396,1755 412,1771 421,1771 422,1770 423,1770 428,1765 441,1765 442,1766 450,1766 451,1765 460,1765 462,1763 466,1767 472,1767 475,1764 476,1764 478,1762 482,1766 491,1766 495,1762 498,1765 507,1765 509,1763 510,1763 511,1762 515,1766 522,1766 526,1762 528,1764 529,1764 530,1765 536,1765 537,1764 542,1764 549,1771 567,1771 568,1770 569,1770 575,1764 582,1764 585,1761 587,1761 590,1764 597,1764 598,1763 599,1763 600,1762 601,1762 602,1763 609,1763 617,1755 618,1755 619,1756 622,1756 631,1765 635,1765 637,1767 643,1767 644,1766 647,1766 652,1761 653,1761 655,1763 657,1763 658,1764 664,1764 665,1763 666,1764 675,1764 676,1763 681,1763 683,1765 688,1765 690,1763 691,1763 694,1760 697,1760 702,1765 710,1765 712,1763 713,1763 715,1765 734,1765 736,1767 743,1767 750,1760 755,1760 755,1730 745,1730 740,1735 738,1735 735,1732 727,1732 726,1733 723,1733 722,1732 715,1732 714,1731 706,1731 705,1732 704,1732 703,1733 702,1733 700,1735 698,1735 688,1725 676,1725 671,1730 664,1730 662,1732 661,1732 656,1737 655,1737 641,1723 632,1723 630,1725 628,1725 617,1736 615,1736 614,1735 613,1735 609,1731 590,1731 581,1722 566,1722 565,1723 564,1722 555,1722 544,1733 542,1733 541,1732 536,1732 535,1733 526,1724 513,1724 504,1733 499,1728 493,1728 490,1731 488,1731 486,1733 485,1733 483,1735 476,1728 470,1728 469,1729 468,1729 463,1734 461,1732 446,1732 439,1725 430,1725 424,1731 418,1725 407,1725 396,1736 386,1736 383,1733 382,1733 381,1732 377,1732 375,1734 373,1734 372,1733 364,1733 363,1734 350,1734 345,1729 338,1729 337,1730 334,1727 333,1727 332,1726 330,1726 328,1724 323,1724 322,1723 320,1723 319,1724 313,1724 309,1728 306,1728 305,1727 296,1727 290,1733 284,1733 282,1735 281,1735 280,1734 272,1734 271,1735 267,1735 266,1734 256,1734 255,1735 247,1735 246,1734 238,1734 231,1727 230,1727 227,1724 220,1724 218,1726 216,1726 214,1724 196,1724 195,1725 194,1725 187,1732 183,1732 178,1727 177,1727 175,1725 167,1725 163,1729 162,1729 161,1730 160,1730 158,1732 156,1732 153,1729 152,1729 150,1727 144,1727 141,1730 140,1730 138,1732 134,1728 129,1728 118,1717 109,1717 101,1725 98,1725 88,1715 85,1715 84,1716 80,1716 79,1715 71,1715 70,1714 69,1714 68,1713 67,1713 66,1712 62,1712 59,1715 52,1715"/>
                <Baseline points="57,1762 750,1762"/>
                <TextEquiv>
                    <Unicode>Kriegs=Requisiten hinterlassen haben /</Unicode>
                </TextEquiv>
            </TextLine>
            <TextLine id="tl_40" primaryLanguage="German" custom="readingOrder {index:8;}">
                <Coords points="50,1796 58,1796 59,1797 63,1797 64,1796 69,1796 71,1798 80,1798 84,1794 89,1799 99,1799 100,1798 103,1798 104,1799 112,1799 113,1798 115,1800 116,1800 119,1803 124,1803 130,1809 139,1809 145,1803 147,1803 148,1804 158,1804 159,1803 160,1803 162,1801 164,1803 165,1803 167,1805 178,1805 181,1802 182,1802 184,1800 186,1800 197,1811 198,1811 199,1810 202,1810 203,1809 204,1809 209,1804 212,1807 217,1807 218,1806 219,1806 220,1807 228,1807 229,1806 231,1806 233,1808 265,1808 266,1809 272,1809 273,1808 275,1808 277,1810 295,1810 297,1808 298,1808 301,1811 307,1811 308,1810 309,1810 311,1808 314,1808 315,1809 321,1809 322,1808 334,1808 335,1807 336,1807 338,1809 339,1809 340,1810 347,1810 349,1808 350,1808 351,1807 353,1807 356,1810 361,1810 364,1807 366,1807 368,1809 374,1809 378,1805 381,1808 389,1808 390,1807 393,1807 398,1812 404,1812 405,1811 406,1811 419,1798 422,1798 429,1805 431,1805 433,1807 440,1807 441,1806 442,1806 444,1804 445,1804 446,1803 448,1803 450,1805 452,1805 454,1807 464,1807 468,1803 470,1803 473,1806 482,1806 483,1805 484,1806 492,1806 495,1803 496,1803 498,1801 499,1801 503,1805 506,1805 508,1807 516,1807 517,1806 518,1806 521,1803 524,1803 528,1807 529,1807 530,1808 534,1808 535,1807 536,1807 537,1806 538,1806 539,1805 543,1805 545,1807 551,1807 552,1806 561,1806 562,1805 565,1805 568,1808 574,1808 575,1807 576,1807 578,1805 579,1805 581,1807 601,1807 612,1796 622,1806 623,1806 627,1810 634,1810 637,1807 641,1807 642,1808 650,1808 652,1806 655,1806 656,1807 663,1807 664,1806 667,1806 668,1807 673,1807 681,1815 686,1815 693,1808 702,1808 706,1804 707,1804 709,1806 718,1806 720,1804 722,1804 725,1807 726,1807 728,1809 734,1809 736,1807 743,1807 749,1801 754,1801 754,1777 744,1777 734,1767 727,1767 719,1775 707,1775 698,1766 692,1766 691,1767 681,1767 675,1773 667,1773 665,1775 658,1775 653,1770 652,1770 649,1767 647,1767 646,1766 644,1766 643,1767 640,1767 639,1768 638,1768 636,1770 634,1768 632,1768 631,1767 623,1767 612,1778 604,1778 600,1774 582,1774 581,1775 579,1775 578,1774 569,1774 567,1776 562,1776 560,1774 553,1774 552,1775 543,1775 542,1776 541,1776 539,1774 535,1774 534,1775 531,1775 528,1778 523,1778 520,1775 519,1775 518,1774 517,1774 515,1772 513,1772 510,1769 502,1769 495,1776 493,1776 492,1775 491,1775 490,1774 484,1774 483,1775 482,1775 481,1776 479,1774 473,1774 472,1775 470,1775 469,1776 466,1776 465,1775 457,1775 456,1776 453,1776 451,1778 448,1778 445,1775 435,1775 434,1774 428,1774 426,1776 425,1776 423,1778 411,1778 400,1767 388,1767 382,1773 380,1773 376,1769 375,1769 374,1768 356,1768 354,1770 352,1770 351,1771 343,1771 336,1778 334,1778 333,1777 303,1777 301,1779 296,1779 294,1777 286,1777 284,1779 282,1777 271,1777 270,1776 264,1776 263,1777 232,1777 230,1779 229,1779 227,1777 226,1777 216,1767 199,1767 190,1776 185,1771 184,1771 181,1768 173,1768 165,1776 164,1776 161,1773 151,1773 149,1775 148,1775 147,1776 142,1771 141,1771 134,1764 125,1764 121,1768 120,1768 112,1760 104,1760 96,1768 91,1768 89,1770 86,1770 83,1767 82,1767 81,1766 67,1766 66,1765 50,1765"/>
                <Baseline points="55,1805 749,1805"/>
                <TextEquiv>
                    <Unicode>welches sammentlich von denen Unseri=</Unicode>
                </TextEquiv>
                <TextStyle fontFamily="Times New Roman" fontSize="9.5"/>
            </TextLine>
            <TextLine id="tl_41" primaryLanguage="German" custom="readingOrder {index:9;}">
                <Coords points="50,1844 55,1844 58,1847 64,1847 65,1846 72,1846 78,1840 88,1840 89,1839 90,1839 93,1842 102,1842 104,1844 110,1844 118,1836 125,1836 142,1853 149,1853 155,1847 157,1847 160,1850 168,1850 176,1858 191,1858 192,1857 193,1857 199,1851 205,1851 207,1849 209,1849 212,1852 213,1852 214,1853 219,1853 223,1849 224,1849 227,1852 228,1852 229,1853 237,1853 238,1852 243,1852 246,1855 248,1855 251,1858 253,1858 255,1860 266,1860 268,1858 269,1858 291,1836 294,1836 314,1856 319,1856 323,1852 324,1852 325,1853 332,1853 333,1852 334,1852 335,1853 342,1853 343,1852 344,1852 363,1833 365,1833 368,1836 372,1836 388,1852 393,1852 395,1854 407,1854 408,1853 413,1853 414,1852 415,1852 417,1850 418,1850 419,1849 422,1849 425,1852 433,1852 436,1849 437,1849 441,1853 446,1853 447,1852 454,1859 461,1859 462,1858 463,1858 472,1849 475,1852 480,1852 485,1847 489,1851 497,1851 498,1850 499,1850 500,1849 501,1849 511,1859 519,1859 520,1858 521,1858 528,1851 537,1851 538,1850 539,1850 540,1849 542,1849 545,1852 558,1852 559,1853 566,1853 569,1850 570,1850 579,1841 581,1841 598,1858 600,1858 602,1860 612,1860 613,1859 615,1859 616,1858 617,1858 623,1852 632,1852 635,1849 639,1849 642,1852 650,1852 655,1847 656,1847 661,1852 670,1852 675,1847 680,1852 702,1852 705,1855 716,1855 719,1858 726,1858 727,1857 728,1857 733,1852 734,1852 738,1856 743,1856 747,1852 748,1852 750,1850 755,1850 755,1816 750,1816 748,1814 741,1814 737,1818 730,1818 723,1811 712,1811 701,1822 698,1822 697,1821 696,1821 695,1820 694,1820 693,1819 685,1819 682,1822 680,1822 676,1818 662,1818 652,1808 642,1808 641,1809 639,1809 630,1818 627,1818 623,1822 621,1822 620,1821 618,1821 617,1820 616,1820 614,1818 606,1818 604,1820 601,1820 599,1822 581,1822 571,1812 563,1812 561,1814 558,1814 554,1810 546,1810 538,1818 533,1818 531,1820 529,1820 527,1822 525,1822 515,1812 503,1812 497,1818 489,1818 487,1820 485,1818 476,1818 474,1820 471,1820 461,1810 449,1810 441,1818 434,1811 425,1811 424,1812 423,1812 422,1811 417,1811 416,1812 412,1812 411,1811 410,1811 409,1810 407,1810 406,1811 405,1811 404,1812 398,1812 397,1811 391,1811 390,1812 388,1812 378,1822 345,1822 344,1821 343,1821 342,1820 329,1820 321,1812 314,1812 304,1822 274,1822 271,1819 267,1819 261,1813 260,1813 259,1812 251,1812 245,1818 243,1818 236,1811 230,1811 229,1812 228,1812 222,1818 220,1818 211,1809 203,1809 202,1810 199,1810 198,1811 196,1811 190,1817 182,1817 179,1820 176,1820 164,1808 163,1808 162,1807 161,1807 160,1806 147,1806 127,1826 126,1826 110,1810 104,1810 103,1811 100,1811 99,1810 93,1810 92,1811 90,1809 82,1809 80,1811 76,1811 72,1807 69,1807 68,1806 64,1806 63,1807 58,1807 56,1809 50,1809"/>
                <Baseline points="55,1850 750,1850"/>
                <TextEquiv>
                    <Unicode>gen sogleich in Sicherheit gebracht</Unicode>
                </TextEquiv>
            </TextLine>
            <TextLine id="tl_42" primaryLanguage="German" custom="readingOrder {index:10;}">
                <Coords points="51,1882 57,1882 59,1884 63,1884 65,1882 69,1882 71,1884 72,1884 73,1885 79,1885 84,1880 87,1883 88,1883 90,1885 91,1885 93,1887 99,1887 103,1883 106,1883 109,1886 118,1886 119,1885 120,1885 122,1883 124,1885 125,1885 127,1887 128,1887 130,1889 136,1889 137,1888 138,1888 141,1885 143,1885 150,1892 156,1892 157,1891 158,1891 160,1889 164,1893 170,1893 172,1891 173,1892 174,1892 175,1893 180,1893 181,1892 183,1894 185,1894 187,1896 192,1896 195,1893 200,1893 200,1867 192,1867 190,1869 189,1869 180,1860 174,1860 172,1862 171,1862 169,1860 164,1860 162,1862 160,1860 150,1860 148,1862 146,1862 133,1849 126,1849 125,1850 124,1850 119,1855 117,1855 116,1856 106,1856 103,1853 94,1853 92,1855 91,1855 90,1856 89,1856 85,1852 84,1852 83,1851 77,1851 76,1852 74,1850 51,1850"/>
                <Baseline points="56,1890 195,1890"/>
                <TextEquiv>
                    <Unicode>worden.</Unicode>
                </TextEquiv>
                <TextStyle fontFamily="Times New Roman" fontSize="9.5"/>
            </TextLine>
            <TextEquiv>
                <Unicode>Es ist die verläßliche Nachricht ein=
geloffen / daß die von denen Preussi=
schen Truppen vorhin occupitrte Schantz
Jablunka aus Mangel der Subsistenz
von denenselben wiederumen verlassen
worden / und sie eine grosse Menge
Saltz / viele Munition / und andere
Kriegs=Requisiten hinterlassen haben /
welches sammentlich von denen Unseri=
gen sogleich in Sicherheit gebracht
worden.</Unicode>
            </TextEquiv>
        </TextRegion>
        <TextRegion type="paragraph" id="r_2_3" custom="readingOrder {index:4;}">
            <Coords points="52,1892 751,1892 751,2032 52,2032"/>
            <TextLine id="tl_43" primaryLanguage="German" custom="readingOrder {index:0;}">
                <Coords points="91,1934 97,1934 98,1935 103,1935 104,1934 105,1934 107,1936 110,1936 111,1937 118,1937 119,1936 123,1936 124,1935 125,1935 129,1931 131,1931 132,1932 139,1932 140,1931 141,1931 142,1932 145,1932 155,1942 161,1942 162,1941 167,1941 171,1937 172,1937 173,1936 181,1936 182,1935 183,1935 184,1934 185,1934 187,1936 197,1936 199,1934 202,1937 203,1937 204,1938 210,1938 212,1936 215,1936 216,1937 218,1937 220,1939 227,1939 228,1940 229,1940 231,1942 232,1942 233,1943 241,1943 247,1937 249,1937 251,1939 257,1939 259,1937 260,1937 262,1935 264,1937 265,1937 267,1939 272,1939 273,1938 274,1938 275,1937 277,1939 285,1939 292,1932 297,1932 308,1943 317,1943 318,1942 319,1942 324,1937 327,1937 329,1939 345,1939 346,1938 347,1938 348,1937 352,1941 360,1941 370,1931 371,1931 378,1938 388,1938 389,1939 396,1939 397,1938 399,1938 401,1940 407,1940 411,1936 412,1936 414,1938 419,1938 420,1937 421,1937 422,1936 423,1936 424,1937 432,1937 433,1936 435,1938 440,1938 441,1937 442,1937 443,1936 444,1937 453,1937 460,1930 463,1930 468,1935 469,1935 471,1937 477,1937 479,1935 481,1937 487,1937 489,1935 490,1935 493,1938 510,1938 513,1935 515,1935 516,1936 517,1936 519,1938 528,1938 532,1942 541,1942 557,1926 564,1933 565,1933 567,1935 569,1935 571,1937 580,1937 584,1933 587,1933 591,1937 598,1937 600,1935 602,1935 604,1937 612,1937 613,1936 614,1936 617,1933 618,1933 623,1928 640,1945 648,1945 653,1940 661,1940 666,1935 669,1938 677,1938 679,1940 683,1940 686,1943 690,1943 693,1940 694,1940 697,1937 701,1937 702,1938 711,1938 714,1935 715,1935 718,1938 719,1938 720,1939 725,1939 729,1935 731,1935 736,1940 743,1940 744,1939 745,1939 748,1936 753,1936 753,1906 747,1906 746,1905 741,1905 740,1906 734,1906 733,1905 732,1905 731,1904 716,1904 714,1906 713,1906 711,1904 705,1904 700,1909 698,1909 686,1897 675,1897 671,1901 668,1901 663,1896 656,1896 655,1895 649,1895 648,1896 644,1896 631,1909 621,1909 616,1904 605,1904 598,1897 597,1897 596,1896 591,1896 583,1904 582,1904 581,1903 580,1903 575,1898 574,1898 573,1897 567,1897 557,1907 547,1907 537,1897 532,1897 531,1896 525,1896 514,1907 513,1907 510,1904 503,1904 500,1907 498,1905 491,1905 489,1907 486,1907 483,1904 475,1904 472,1907 455,1907 452,1904 434,1904 431,1907 428,1907 426,1905 418,1905 416,1907 407,1907 406,1906 399,1906 398,1907 397,1907 395,1905 380,1905 378,1907 366,1907 361,1902 354,1902 350,1906 344,1906 342,1908 327,1908 316,1897 311,1897 310,1898 302,1898 289,1911 287,1911 283,1907 275,1907 273,1905 268,1905 267,1906 253,1906 251,1908 246,1908 235,1897 225,1897 217,1905 211,1899 203,1899 197,1905 193,1905 183,1895 173,1895 168,1900 161,1900 158,1903 157,1903 155,1905 152,1905 148,1901 137,1901 127,1891 123,1891 122,1892 117,1892 116,1891 115,1891 114,1890 110,1890 109,1889 101,1889 98,1892 91,1892"/>
                <Baseline points="96,1936 748,1936"/>
                <TextEquiv>
                    <Unicode>Jngleichen hat man auch die sichere</Unicode>
                </TextEquiv>
                <TextStyle fontFamily="Times New Roman" fontSize="9.5"/>
            </TextLine>
            <TextLine id="tl_44" primaryLanguage="German" custom="readingOrder {index:1;}">
                <Coords points="49,1962 54,1962 61,1969 74,1969 76,1967 79,1967 84,1972 90,1972 91,1971 93,1971 95,1969 97,1969 100,1972 119,1972 121,1974 130,1974 131,1975 132,1975 137,1980 146,1980 151,1975 152,1975 154,1977 162,1977 165,1974 166,1974 169,1977 182,1977 185,1980 189,1980 198,1989 203,1989 204,1988 205,1988 213,1980 215,1980 217,1982 224,1982 225,1981 226,1981 234,1973 237,1973 245,1981 252,1981 253,1980 254,1980 256,1978 258,1978 261,1981 268,1981 269,1980 271,1982 278,1982 279,1981 280,1981 282,1983 289,1983 294,1988 300,1988 302,1986 303,1986 308,1981 315,1988 316,1988 317,1989 324,1989 332,1981 333,1982 353,1982 354,1983 361,1983 362,1982 364,1982 367,1985 372,1985 377,1990 390,1990 391,1989 394,1989 401,1982 402,1982 403,1983 409,1983 412,1980 415,1980 417,1982 434,1982 436,1980 438,1980 442,1984 449,1984 458,1975 474,1975 479,1980 481,1980 482,1981 488,1981 489,1980 490,1980 492,1978 494,1978 496,1980 498,1980 499,1981 502,1981 511,1990 515,1990 516,1989 518,1989 527,1980 534,1980 535,1979 536,1979 545,1970 547,1970 555,1978 557,1978 560,1981 568,1981 569,1980 570,1980 575,1975 576,1975 581,1980 597,1980 602,1985 606,1985 607,1986 610,1986 612,1984 615,1984 618,1981 619,1981 620,1980 621,1980 631,1970 633,1970 644,1981 659,1981 664,1986 668,1986 674,1980 676,1980 677,1981 683,1981 684,1980 689,1985 698,1985 703,1980 712,1980 713,1979 714,1979 715,1978 716,1978 719,1981 728,1981 729,1980 730,1980 732,1978 735,1981 736,1981 738,1983 746,1983 750,1979 755,1979 755,1951 750,1951 749,1950 739,1950 738,1951 735,1951 733,1949 732,1949 731,1948 726,1948 725,1949 724,1948 716,1948 708,1940 704,1940 703,1939 700,1939 699,1938 696,1938 694,1940 693,1940 685,1948 676,1948 675,1949 651,1949 650,1948 644,1948 643,1949 642,1949 640,1951 637,1951 623,1937 622,1937 621,1936 616,1936 615,1937 605,1937 604,1938 603,1938 593,1948 592,1948 591,1947 586,1947 584,1949 583,1949 581,1951 575,1951 571,1947 570,1947 563,1940 556,1940 555,1941 554,1941 544,1951 542,1951 540,1949 539,1949 538,1948 529,1948 521,1940 515,1940 514,1941 513,1941 506,1948 499,1948 498,1949 497,1948 479,1948 478,1949 477,1949 468,1958 457,1947 450,1947 442,1955 440,1955 433,1948 425,1948 423,1950 422,1949 416,1949 415,1950 403,1950 401,1952 394,1952 391,1949 383,1949 377,1955 372,1950 353,1950 351,1952 349,1952 347,1950 345,1950 336,1941 332,1941 331,1940 322,1940 321,1941 320,1941 319,1942 318,1942 311,1949 292,1949 290,1951 288,1949 280,1949 278,1951 276,1949 270,1949 268,1951 266,1949 256,1949 255,1948 250,1948 249,1949 247,1949 245,1951 233,1951 226,1944 221,1944 220,1945 219,1945 215,1949 212,1949 211,1948 210,1948 201,1939 195,1939 194,1940 190,1940 186,1944 185,1944 178,1937 171,1937 163,1945 160,1945 159,1944 152,1944 151,1945 149,1945 139,1935 137,1935 136,1934 130,1934 119,1945 116,1945 112,1941 111,1941 110,1940 103,1940 101,1942 87,1928 75,1928 74,1929 71,1929 70,1928 68,1928 67,1927 58,1927 57,1928 55,1928 54,1929 49,1929"/>
                <Baseline points="54,1976 750,1976"/>
                <TextEquiv>
                    <Unicode>Nachricht empfangen / wie daß unsere</Unicode>
                </TextEquiv>
                <TextStyle fontFamily="Times New Roman" fontSize="9.5"/>
            </TextLine>
            <TextLine id="tl_45" primaryLanguage="German" custom="readingOrder {index:2;}">
                <Coords points="48,2013 54,2013 60,2019 74,2019 77,2016 80,2016 81,2015 83,2015 84,2014 86,2014 87,2013 92,2013 95,2016 103,2016 107,2020 109,2020 114,2025 122,2025 124,2023 125,2023 128,2020 150,2020 152,2022 160,2022 161,2021 162,2021 163,2020 165,2020 168,2023 178,2023 179,2024 187,2024 198,2013 199,2013 205,2007 207,2007 227,2027 233,2027 234,2026 235,2026 236,2025 247,2025 248,2026 260,2026 263,2023 267,2023 272,2028 279,2028 284,2023 287,2026 296,2026 299,2023 300,2023 304,2027 314,2027 317,2030 332,2030 333,2029 334,2029 336,2027 337,2028 360,2028 361,2029 367,2029 368,2028 371,2028 374,2031 378,2031 379,2030 381,2030 383,2028 387,2028 388,2029 396,2029 397,2028 406,2028 412,2022 444,2022 450,2028 459,2028 462,2025 463,2025 466,2028 475,2028 476,2027 499,2027 501,2029 510,2029 512,2027 527,2027 528,2028 533,2028 534,2027 535,2027 552,2010 553,2010 575,2032 592,2032 593,2031 594,2031 598,2027 631,2027 633,2029 639,2029 640,2028 643,2028 648,2023 652,2027 663,2027 664,2028 670,2028 675,2023 679,2027 686,2027 692,2033 699,2033 700,2032 702,2032 703,2031 704,2031 708,2027 726,2027 727,2028 735,2028 736,2027 737,2027 738,2028 745,2028 748,2025 753,2025 753,1993 748,1993 746,1991 738,1991 736,1993 735,1993 734,1992 725,1992 724,1991 715,1991 714,1992 707,1992 700,1985 686,1985 678,1993 671,1986 664,1986 661,1983 651,1983 649,1981 639,1981 638,1982 636,1982 635,1983 630,1983 628,1981 627,1981 626,1980 620,1980 619,1981 618,1981 615,1984 614,1984 611,1987 610,1987 609,1986 607,1986 606,1985 602,1985 601,1984 598,1984 592,1990 582,1990 580,1992 579,1992 578,1993 576,1993 574,1995 539,1995 538,1994 537,1994 535,1992 534,1992 533,1991 527,1991 526,1992 523,1992 522,1991 515,1991 514,1992 513,1991 499,1991 498,1992 497,1992 495,1990 488,1990 486,1992 485,1991 479,1991 473,1985 465,1985 458,1992 454,1992 451,1995 449,1995 448,1996 447,1996 430,2013 427,2013 406,1992 399,1992 398,1993 395,1993 394,1992 380,1992 379,1993 373,1987 372,1987 371,1986 358,1986 351,1993 344,1993 341,1996 338,1996 334,1992 325,1992 324,1993 322,1991 316,1991 315,1992 312,1992 306,1986 302,1986 298,1990 286,1990 284,1992 283,1992 282,1991 275,1991 273,1993 270,1993 264,1987 263,1987 259,1983 248,1983 241,1990 234,1990 231,1993 228,1993 226,1995 198,1995 195,1998 186,1989 176,1989 175,1988 169,1988 168,1987 167,1987 166,1986 150,1986 148,1988 146,1986 145,1986 144,1985 143,1985 138,1980 137,1980 132,1975 128,1975 127,1976 121,1976 114,1983 113,1983 112,1982 105,1982 104,1983 102,1983 100,1981 92,1981 80,1969 79,1969 78,1968 75,1968 74,1969 67,1969 63,1973 61,1973 59,1975 58,1975 53,1980 48,1980"/>
                <Baseline points="53,2024 748,2024"/>
                <TextEquiv>
                    <Unicode>Husarn abermalen einen glüklichen</Unicode>
                </TextEquiv>
                <TextStyle fontFamily="Times New Roman" fontSize="9.5"/>
            </TextLine>
            <TextEquiv>
                <Unicode>Jngleichen hat man auch die sichere
Nachricht empfangen / wie daß unsere
Husarn abermalen einen glüklichen</Unicode>
            </TextEquiv>
        </TextRegion>
        <TextRegion type="paragraph" id="r_3_1" custom="readingOrder {index:5;}">
            <Coords points="789,120 1500,120 1500,440 789,440"/>
            <TextLine id="tl_46" primaryLanguage="English" custom="readingOrder {index:0;}">
                <Coords points="789,155 795,155 799,159 800,159 802,161 804,161 805,162 822,162 823,161 827,161 828,160 829,160 831,158 832,158 833,157 834,157 838,161 844,161 845,160 847,160 850,157 851,157 853,159 861,159 862,158 863,158 866,155 871,160 879,160 881,158 882,158 883,157 884,157 888,161 894,161 895,160 896,160 899,157 903,161 911,161 917,167 920,167 921,166 923,166 924,165 927,165 947,145 949,145 962,158 963,158 965,160 966,160 967,161 974,161 975,160 976,160 980,156 987,163 994,163 999,158 1003,162 1009,162 1011,160 1020,160 1022,158 1023,158 1027,162 1034,162 1038,158 1039,158 1041,160 1060,160 1061,159 1062,159 1076,145 1101,170 1111,170 1112,169 1113,169 1122,160 1123,160 1126,157 1129,157 1134,162 1140,162 1145,157 1147,157 1151,161 1156,161 1157,160 1158,160 1159,159 1160,159 1162,157 1164,159 1165,159 1167,161 1177,161 1179,163 1184,163 1188,167 1196,167 1197,166 1199,166 1200,167 1206,167 1212,161 1214,163 1220,163 1225,158 1228,161 1236,161 1237,160 1239,160 1240,161 1246,161 1262,145 1264,145 1280,161 1288,161 1289,160 1302,160 1303,161 1309,161 1312,158 1313,158 1315,160 1318,160 1325,167 1326,167 1327,168 1335,168 1336,167 1337,167 1341,163 1343,163 1346,160 1347,160 1348,161 1354,161 1355,160 1356,160 1357,159 1358,159 1361,156 1362,156 1365,159 1366,159 1367,160 1374,160 1379,155 1380,155 1382,157 1383,157 1386,160 1393,160 1396,157 1398,157 1402,161 1409,161 1411,159 1413,161 1419,161 1420,160 1421,160 1422,159 1424,159 1427,162 1434,162 1435,161 1436,161 1438,163 1440,163 1442,165 1451,165 1457,159 1458,159 1461,162 1466,162 1467,161 1469,161 1473,165 1479,165 1482,162 1489,162 1496,155 1504,155 1504,124 1493,124 1491,126 1489,126 1481,134 1470,123 1464,123 1463,124 1462,124 1458,128 1455,128 1446,119 1433,119 1422,130 1419,130 1415,126 1408,126 1402,132 1398,128 1393,128 1391,126 1383,126 1381,128 1379,128 1370,119 1360,119 1351,128 1350,128 1348,130 1342,130 1339,127 1331,127 1328,130 1327,130 1325,132 1323,132 1320,129 1319,129 1318,128 1309,128 1308,127 1302,127 1299,130 1296,130 1293,127 1286,127 1281,132 1251,132 1247,128 1235,128 1234,127 1228,127 1227,128 1226,128 1217,119 1213,119 1212,118 1202,118 1201,117 1194,117 1188,123 1187,123 1183,127 1176,127 1174,129 1173,129 1171,127 1166,127 1164,129 1162,129 1161,128 1155,128 1154,129 1147,129 1146,128 1135,128 1125,118 1117,118 1116,119 1115,119 1113,121 1111,119 1110,119 1109,118 1096,118 1085,129 1078,129 1077,130 1076,130 1074,132 1064,132 1060,128 1050,128 1049,127 1041,127 1040,128 1039,128 1038,127 1031,127 1030,128 1029,128 1027,130 1023,130 1022,129 1021,129 1019,127 1018,127 1017,126 1012,126 1010,128 1009,127 1002,127 1001,128 999,128 998,127 991,127 990,128 989,128 985,132 984,132 978,126 976,126 971,121 961,121 950,132 939,132 938,131 934,131 923,120 922,120 921,119 910,119 904,125 902,125 897,120 888,120 881,127 875,127 873,129 871,129 869,127 867,127 866,126 860,126 859,127 858,126 851,126 848,123 842,123 840,125 839,125 835,121 825,121 823,119 814,119 813,118 807,118 806,119 803,119 799,123 798,123 794,127 789,127"/>
                <Baseline points="794,158 1499,158"/>
                <TextEquiv>
                    <Unicode>Streich denen Preussen angebracht /</Unicode>
                </TextEquiv>
            </TextLine>
            <TextLine id="tl_47" primaryLanguage="German" custom="readingOrder {index:1;}">
                <Coords points="788,202 806,202 807,201 808,201 809,200 810,200 812,198 818,204 825,204 829,200 832,200 835,203 840,203 842,201 843,201 846,198 852,204 860,204 862,202 864,202 866,204 873,204 875,202 876,202 878,204 885,204 890,209 895,209 897,207 898,207 901,204 912,204 916,200 920,204 926,204 927,203 928,203 929,202 933,202 935,204 944,204 949,199 952,199 958,205 966,205 967,204 970,204 972,206 978,206 979,205 980,205 981,204 983,204 984,205 990,205 1002,193 1005,193 1017,205 1025,205 1026,204 1028,204 1029,203 1030,203 1034,199 1039,204 1047,204 1049,202 1050,202 1052,204 1064,204 1066,206 1075,206 1077,204 1080,204 1081,205 1091,205 1101,195 1104,195 1121,212 1131,212 1132,211 1134,211 1139,206 1144,206 1145,205 1150,205 1151,204 1152,204 1158,210 1164,210 1172,202 1173,202 1174,203 1182,203 1183,202 1185,204 1212,204 1221,213 1227,213 1228,212 1233,212 1234,211 1235,211 1242,204 1243,205 1249,205 1252,202 1254,202 1256,204 1276,204 1280,200 1281,200 1289,208 1295,208 1296,207 1297,207 1313,191 1315,191 1328,204 1329,204 1330,205 1336,205 1339,202 1341,204 1344,204 1345,205 1353,205 1358,200 1360,200 1364,204 1374,204 1375,203 1376,203 1379,200 1381,200 1384,203 1392,203 1395,200 1401,206 1420,206 1423,203 1431,203 1432,202 1444,202 1446,204 1457,204 1460,207 1465,207 1466,206 1469,206 1473,202 1476,202 1478,204 1485,204 1487,202 1488,202 1489,201 1490,201 1492,199 1499,199 1499,170 1493,170 1492,169 1486,169 1485,170 1478,170 1476,172 1465,172 1463,174 1461,174 1455,168 1449,168 1443,174 1442,174 1440,172 1411,172 1409,174 1407,172 1391,172 1390,171 1382,171 1379,174 1378,174 1375,171 1368,171 1367,172 1362,172 1360,174 1356,174 1355,173 1346,173 1345,172 1338,172 1337,171 1328,171 1327,172 1326,172 1324,174 1308,174 1306,172 1298,172 1296,174 1275,174 1274,173 1267,173 1266,174 1264,174 1263,173 1257,173 1256,174 1254,174 1253,173 1245,173 1244,174 1237,174 1235,172 1234,172 1233,171 1232,171 1231,170 1225,170 1221,174 1216,174 1214,172 1204,172 1203,171 1195,171 1194,172 1193,172 1191,174 1190,173 1189,173 1188,172 1183,172 1173,162 1171,162 1170,161 1165,161 1164,162 1162,162 1160,164 1159,164 1151,172 1143,172 1141,174 1135,174 1134,173 1133,173 1132,172 1124,172 1122,174 1094,174 1093,173 1085,173 1078,166 1077,166 1076,165 1067,165 1060,172 1056,172 1047,163 1039,163 1032,170 1024,170 1023,169 1016,169 1009,176 994,176 990,172 970,172 969,171 962,171 961,172 959,172 955,176 953,176 948,171 946,171 940,165 932,165 931,166 930,166 929,165 924,165 923,166 921,166 920,167 918,167 917,168 914,168 908,162 895,162 893,164 892,164 886,170 877,170 875,172 874,172 873,171 866,171 865,172 863,172 862,171 855,171 854,172 853,172 851,174 850,174 847,171 840,171 839,172 829,172 828,171 822,171 821,172 820,172 818,174 813,174 811,172 809,172 808,171 807,171 805,169 803,169 800,166 788,166"/>
                <Baseline points="793,201 1494,201"/>
                <TextEquiv>
                    <Unicode>derenselben viele gefangen / worunter</Unicode>
                </TextEquiv>
                <TextStyle fontFamily="Times New Roman" fontSize="9.5"/>
            </TextLine>
            <TextLine id="tl_48" primaryLanguage="German" custom="readingOrder {index:2;}">
                <Coords points="789,254 798,254 799,253 804,253 808,249 809,249 810,250 815,250 821,244 825,248 830,248 832,246 835,249 838,249 840,251 847,251 865,233 866,233 879,246 887,246 889,244 892,244 895,247 902,247 903,246 905,246 907,248 914,248 916,246 917,246 918,247 925,247 926,246 928,246 931,249 938,249 939,250 940,250 942,252 946,252 947,253 948,253 950,255 951,255 952,254 958,254 964,248 965,248 966,249 973,249 975,247 976,247 978,245 979,245 990,234 992,234 1005,247 1008,247 1009,248 1018,248 1021,245 1026,245 1028,247 1030,247 1032,249 1038,249 1039,248 1040,248 1045,243 1046,243 1048,245 1049,245 1051,247 1057,247 1059,245 1063,245 1067,249 1073,249 1075,247 1077,247 1078,248 1084,248 1085,247 1086,247 1087,246 1088,247 1089,247 1091,249 1098,249 1101,246 1102,246 1110,254 1117,254 1118,253 1120,253 1126,247 1128,247 1129,248 1136,248 1137,247 1138,247 1140,249 1148,249 1150,247 1151,248 1156,248 1158,246 1159,246 1161,248 1171,248 1175,244 1176,244 1187,233 1189,233 1202,246 1203,246 1204,247 1205,247 1207,249 1214,249 1216,247 1217,247 1220,244 1222,244 1227,249 1233,249 1234,248 1235,248 1239,252 1245,252 1247,250 1250,250 1252,248 1254,250 1256,250 1257,251 1261,251 1266,246 1268,248 1274,248 1276,246 1278,246 1279,247 1285,247 1286,246 1291,246 1294,249 1300,249 1301,248 1302,248 1306,244 1307,244 1312,249 1320,249 1321,248 1322,248 1324,250 1331,250 1333,248 1346,248 1352,242 1354,242 1363,251 1368,251 1370,249 1372,249 1388,233 1389,233 1412,256 1414,256 1416,254 1417,254 1419,252 1420,252 1425,247 1428,247 1429,248 1434,248 1436,246 1438,246 1439,247 1444,247 1445,246 1448,246 1449,247 1455,247 1456,246 1459,246 1460,247 1466,247 1467,246 1469,246 1470,247 1476,247 1477,246 1479,246 1482,249 1488,249 1489,248 1490,248 1491,247 1492,247 1495,244 1501,244 1501,210 1495,210 1493,208 1487,208 1485,210 1484,210 1478,216 1476,214 1468,214 1466,216 1465,215 1456,215 1455,216 1454,215 1447,215 1444,218 1442,218 1432,208 1431,208 1430,207 1418,207 1417,208 1415,208 1405,218 1383,218 1380,215 1373,215 1370,218 1358,218 1357,219 1356,219 1355,220 1350,220 1347,217 1346,217 1345,216 1339,216 1337,218 1335,216 1325,216 1324,215 1319,215 1318,216 1316,216 1312,220 1310,220 1306,216 1305,216 1304,215 1303,215 1302,214 1301,214 1298,211 1295,211 1294,210 1288,210 1282,216 1275,216 1266,207 1263,207 1261,205 1246,205 1245,206 1244,206 1238,212 1233,212 1227,218 1226,218 1215,207 1208,207 1207,208 1201,208 1191,218 1178,218 1176,216 1175,216 1174,215 1169,215 1168,216 1166,216 1164,218 1159,218 1157,216 1147,216 1146,215 1138,215 1137,216 1136,215 1129,215 1128,216 1125,216 1116,207 1111,207 1110,208 1104,208 1098,214 1095,214 1093,216 1092,216 1090,218 1087,218 1086,217 1085,217 1084,216 1083,216 1082,215 1076,215 1075,216 1066,216 1065,217 1062,214 1049,214 1046,217 1044,217 1042,215 1029,215 1025,219 1024,219 1020,215 1012,215 1010,213 1005,213 999,219 980,219 976,215 969,215 967,217 965,217 963,219 961,219 960,218 959,218 957,216 955,216 954,215 948,215 946,217 945,217 937,209 929,209 924,214 916,214 915,213 909,213 903,207 897,207 890,214 882,214 880,216 879,216 877,218 853,218 842,207 833,207 832,208 830,208 826,212 824,212 819,207 815,207 814,206 810,206 809,205 801,205 800,206 797,206 795,208 789,208"/>
                <Baseline points="794,247 1496,247"/>
                <TextEquiv>
                    <Unicode>sich einige vornehme befinden / samt</Unicode>
                </TextEquiv>
                <TextStyle fontFamily="Times New Roman" fontSize="9.5"/>
            </TextLine>
            <TextLine id="tl_49" primaryLanguage="German" custom="readingOrder {index:3;}">
                <Coords points="791,287 799,287 800,288 810,288 814,284 816,284 822,290 829,290 832,287 835,287 838,290 842,290 846,286 847,286 849,284 850,284 858,276 871,289 872,289 874,291 879,291 880,292 890,292 891,291 892,291 893,290 895,290 898,287 899,287 901,289 902,289 903,290 908,290 909,289 910,289 912,287 916,287 918,289 921,289 923,291 928,291 930,289 931,289 936,284 943,291 952,291 956,287 959,287 961,289 962,289 964,291 971,291 973,289 978,289 979,290 986,290 989,287 991,287 996,292 1003,292 1004,291 1018,291 1019,292 1024,292 1027,289 1029,291 1034,291 1039,296 1041,296 1043,298 1044,298 1045,299 1050,299 1051,298 1054,298 1055,297 1056,297 1057,296 1058,296 1072,282 1078,288 1079,288 1082,291 1092,291 1093,290 1094,290 1095,289 1098,289 1100,291 1106,291 1108,289 1109,289 1111,291 1118,291 1120,289 1121,290 1129,290 1130,289 1133,292 1142,292 1145,289 1146,289 1148,287 1152,291 1157,291 1161,287 1162,287 1163,286 1164,286 1165,285 1180,285 1187,292 1197,292 1198,293 1205,293 1206,292 1212,292 1215,289 1218,289 1219,290 1227,290 1228,289 1231,292 1234,292 1240,298 1248,298 1250,296 1252,298 1257,298 1258,297 1259,297 1266,290 1267,291 1272,291 1273,290 1275,290 1276,291 1282,291 1283,290 1284,290 1291,283 1298,283 1305,290 1306,290 1307,291 1312,291 1314,289 1316,289 1317,290 1324,290 1325,289 1327,289 1328,290 1334,290 1335,289 1338,289 1341,292 1348,292 1350,290 1353,293 1358,293 1359,292 1361,292 1363,290 1364,290 1378,276 1391,289 1394,289 1396,291 1403,291 1404,290 1405,290 1406,289 1407,289 1409,287 1411,287 1415,291 1423,291 1425,289 1427,289 1429,291 1430,291 1431,292 1437,292 1440,289 1443,289 1445,291 1452,291 1454,289 1456,289 1458,291 1459,291 1460,292 1465,292 1466,291 1469,291 1470,292 1475,292 1476,291 1478,291 1479,290 1481,290 1482,289 1483,289 1485,291 1491,291 1495,287 1500,287 1500,260 1494,260 1490,256 1484,256 1482,258 1481,258 1480,257 1474,257 1473,258 1472,258 1470,260 1469,259 1464,259 1455,250 1447,250 1446,251 1444,251 1437,258 1431,258 1424,251 1421,251 1420,252 1419,252 1417,254 1416,254 1410,260 1407,260 1406,259 1400,259 1399,258 1391,258 1387,262 1372,262 1364,254 1356,254 1354,256 1352,256 1347,251 1341,251 1334,258 1328,258 1326,260 1324,260 1322,258 1317,258 1315,260 1313,260 1312,259 1305,259 1294,270 1291,270 1284,263 1283,263 1280,260 1279,260 1270,251 1257,251 1256,250 1248,250 1247,251 1246,251 1245,252 1243,252 1235,260 1225,260 1218,253 1217,253 1215,251 1211,251 1210,250 1191,250 1190,251 1189,251 1173,267 1163,257 1158,257 1157,258 1155,258 1154,257 1148,257 1147,258 1139,258 1137,260 1135,260 1133,262 1130,262 1128,260 1127,260 1126,259 1120,259 1119,260 1114,260 1106,252 1099,252 1093,258 1087,258 1085,260 1084,260 1082,262 1081,262 1079,264 1077,262 1060,262 1058,260 1057,260 1054,257 1047,257 1042,262 1039,262 1035,258 1029,258 1027,260 1026,260 1024,258 1018,258 1016,260 1015,260 1013,258 1007,258 1005,260 1003,260 1002,259 994,259 993,258 967,258 965,260 964,260 962,262 959,262 955,258 953,258 948,253 947,253 946,252 942,252 941,251 938,251 933,256 926,256 924,258 922,258 920,260 918,260 916,258 915,258 914,257 909,257 908,258 906,258 899,251 898,251 896,249 873,249 871,251 869,251 858,262 855,262 850,257 845,257 844,258 825,258 823,260 821,260 819,262 817,262 812,257 810,257 809,256 808,256 807,255 806,255 804,253 799,253 798,254 791,254"/>
                <Baseline points="796,289 1495,289"/>
                <TextEquiv>
                    <Unicode>der Eroberung einer Cassa mit vielen</Unicode>
                </TextEquiv>
            </TextLine>
            <TextLine id="tl_50" primaryLanguage="German" custom="readingOrder {index:4;}">
                <Coords points="789,330 797,330 799,332 800,332 802,334 803,334 804,335 815,335 816,336 820,336 822,334 824,334 827,331 828,331 829,330 834,330 838,334 843,334 847,330 850,330 852,332 853,332 854,333 858,333 861,330 866,330 868,332 869,332 870,333 875,333 876,332 877,332 886,323 887,323 897,333 902,333 916,319 917,319 932,334 942,334 944,332 945,332 947,334 950,334 951,335 956,335 961,330 962,330 964,332 967,332 969,334 977,334 978,333 979,333 984,328 988,332 989,332 991,334 1000,334 1004,330 1008,330 1010,332 1013,332 1015,334 1024,334 1028,330 1029,330 1034,335 1039,335 1042,332 1044,334 1050,334 1059,325 1062,325 1069,332 1072,332 1074,334 1081,334 1082,333 1083,333 1088,328 1094,334 1102,334 1103,333 1105,333 1108,336 1113,336 1114,335 1115,335 1124,326 1138,326 1147,335 1153,335 1156,332 1157,332 1158,333 1167,333 1168,332 1170,334 1176,334 1177,333 1178,333 1180,335 1185,335 1186,334 1189,334 1190,333 1191,333 1192,332 1195,332 1198,335 1202,335 1203,336 1204,336 1205,337 1212,337 1216,333 1218,333 1219,334 1228,334 1230,332 1231,332 1234,335 1246,335 1247,334 1248,334 1250,332 1252,332 1254,334 1260,334 1261,333 1262,333 1263,332 1266,332 1270,336 1278,336 1289,325 1290,325 1297,332 1298,332 1303,337 1308,337 1309,336 1310,336 1311,335 1312,335 1313,334 1315,334 1316,335 1317,335 1319,337 1325,337 1328,334 1330,334 1331,335 1337,335 1338,334 1342,334 1343,335 1348,335 1349,334 1357,334 1364,341 1372,341 1377,336 1383,336 1384,335 1385,335 1388,332 1392,336 1398,336 1399,335 1400,335 1401,334 1402,335 1403,335 1404,336 1408,336 1410,334 1412,334 1413,335 1419,335 1420,334 1423,334 1424,335 1428,335 1431,332 1434,332 1436,334 1445,334 1447,332 1448,332 1449,331 1450,331 1451,330 1454,330 1459,335 1463,335 1464,334 1466,334 1469,331 1470,331 1473,328 1474,328 1481,335 1487,335 1496,326 1501,326 1501,298 1491,298 1489,300 1488,300 1483,305 1472,305 1469,302 1462,302 1461,303 1459,303 1457,305 1454,305 1451,302 1450,302 1449,301 1448,301 1441,294 1434,294 1427,301 1417,301 1408,292 1402,292 1401,293 1399,293 1398,294 1397,294 1391,300 1385,294 1383,294 1381,292 1370,292 1369,293 1368,293 1360,301 1352,301 1350,303 1348,303 1346,301 1342,301 1340,303 1337,303 1336,302 1333,302 1325,294 1323,294 1322,293 1318,293 1317,294 1316,294 1312,298 1310,296 1309,296 1308,295 1307,295 1306,294 1300,294 1298,296 1297,296 1288,305 1284,305 1281,302 1275,302 1274,303 1271,303 1269,305 1266,302 1259,302 1258,301 1253,301 1251,303 1248,303 1247,302 1242,302 1241,303 1240,303 1238,305 1236,305 1234,303 1233,303 1232,302 1222,302 1215,295 1209,295 1208,296 1206,296 1205,295 1198,295 1197,296 1196,296 1191,301 1185,301 1183,303 1182,303 1180,305 1176,301 1168,301 1166,303 1164,301 1158,301 1156,303 1155,303 1153,301 1146,301 1132,315 1130,315 1117,302 1110,302 1101,293 1093,293 1085,301 1083,301 1082,300 1081,300 1076,295 1069,295 1059,305 1053,305 1049,301 1043,301 1041,303 1040,303 1038,301 1032,301 1030,303 1027,303 1024,300 1019,300 1018,301 1016,301 1014,303 1013,303 1011,305 1008,305 1004,301 987,301 983,305 980,302 979,302 978,301 972,301 970,303 967,303 965,305 962,305 959,302 953,302 952,303 950,303 948,301 932,301 928,305 915,305 909,299 904,299 898,305 885,305 880,300 878,300 877,299 876,299 870,293 865,293 863,291 852,291 842,301 841,301 839,303 831,295 830,295 828,293 820,293 819,294 817,292 815,292 814,291 803,291 801,293 798,293 795,296 789,296"/>
                <Baseline points="794,332 1496,332"/>
                <TextEquiv>
                    <Unicode>Geld / wovon die mehrere Umstände /</Unicode>
                </TextEquiv>
                <TextStyle fontFamily="Times New Roman" fontSize="9.5"/>
            </TextLine>
            <TextLine id="tl_51" primaryLanguage="German" custom="readingOrder {index:5;}">
                <Coords points="788,377 824,377 825,376 826,376 828,374 830,376 835,376 836,375 837,375 838,374 856,374 873,357 876,357 893,374 894,374 897,377 898,377 901,380 911,380 912,379 919,379 920,378 921,378 922,377 927,377 933,383 941,383 948,376 953,376 956,379 962,379 964,377 965,377 966,376 971,376 975,380 982,380 986,376 987,376 990,379 997,379 1001,383 1010,383 1014,379 1027,379 1028,380 1036,380 1037,379 1038,379 1041,376 1044,379 1064,379 1066,381 1074,381 1078,377 1080,377 1083,380 1089,380 1092,377 1096,377 1099,380 1107,380 1108,379 1109,379 1111,377 1113,377 1116,380 1134,380 1148,366 1167,385 1174,385 1175,384 1176,384 1180,380 1186,380 1187,379 1188,379 1190,377 1193,377 1196,380 1213,380 1214,379 1217,379 1218,380 1225,380 1226,379 1235,379 1237,377 1240,377 1243,380 1249,380 1250,379 1252,379 1257,374 1263,380 1268,380 1271,377 1272,377 1275,380 1282,380 1285,377 1289,381 1295,381 1296,380 1298,380 1300,382 1301,382 1304,385 1311,385 1325,371 1334,371 1344,381 1352,381 1354,379 1367,379 1369,377 1371,377 1374,380 1383,380 1386,377 1387,377 1390,380 1397,380 1403,374 1409,380 1414,380 1415,379 1425,379 1427,377 1429,377 1431,379 1437,379 1438,378 1439,378 1443,374 1450,381 1455,381 1456,380 1461,380 1462,381 1465,381 1466,380 1470,380 1471,379 1472,379 1474,377 1476,377 1479,380 1487,380 1488,379 1490,379 1491,378 1492,378 1493,377 1494,377 1495,376 1500,376 1500,342 1494,342 1490,338 1485,338 1484,339 1483,339 1477,345 1476,344 1469,344 1466,347 1459,340 1453,340 1446,347 1444,345 1437,345 1436,344 1430,344 1425,349 1422,346 1417,346 1416,347 1414,347 1412,349 1404,349 1402,347 1401,347 1400,346 1394,346 1393,347 1392,347 1390,345 1382,345 1381,344 1376,344 1375,345 1356,345 1354,347 1353,346 1347,346 1346,347 1344,347 1332,359 1329,359 1308,338 1307,338 1306,337 1298,337 1291,344 1288,344 1283,339 1276,339 1274,341 1273,341 1271,339 1269,339 1268,338 1262,338 1256,344 1253,344 1251,342 1250,342 1246,338 1240,338 1239,339 1238,339 1231,346 1226,346 1225,347 1224,346 1220,346 1211,337 1205,337 1204,336 1203,336 1202,335 1200,335 1195,340 1192,340 1188,336 1186,336 1185,335 1173,335 1171,337 1170,337 1158,349 1138,349 1134,345 1117,345 1113,349 1112,349 1108,345 1102,345 1100,347 1098,347 1089,338 1082,338 1080,340 1071,340 1063,348 1060,348 1057,345 1049,345 1046,348 1043,348 1041,346 1040,346 1039,345 1033,345 1024,336 1023,336 1022,335 1019,335 1018,334 1004,334 1000,338 998,338 997,337 990,337 984,343 978,343 976,345 975,345 972,348 971,348 968,345 959,345 958,346 957,346 955,348 952,348 949,345 941,345 940,346 930,336 923,336 922,337 918,337 917,336 916,336 915,335 900,335 898,337 896,337 893,340 892,340 883,349 864,349 858,343 855,343 854,342 853,342 848,337 842,337 837,342 831,342 829,344 828,344 827,345 826,345 825,344 819,344 818,345 814,345 813,344 806,344 805,345 803,345 801,343 795,343 793,345 788,345"/>
                <Baseline points="793,377 1495,377"/>
                <TextEquiv>
                    <Unicode>und Specification stündlich erwartet</Unicode>
                </TextEquiv>
            </TextLine>
            <TextLine id="tl_52" primaryLanguage="German" custom="readingOrder {index:6;}">
                <Coords points="785,421 799,421 800,420 801,420 803,418 806,421 816,421 819,418 821,418 825,422 832,422 836,418 840,418 843,421 851,421 854,418 861,418 863,420 872,420 874,418 878,418 882,422 890,422 893,419 894,419 895,418 897,420 904,420 906,418 910,422 917,422 918,423 924,423 925,422 926,422 930,418 934,418 935,419 1350,419 1360,409 1472,409 1473,408 1476,408 1478,406 1491,406 1491,398 1356,398 1343,411 949,411 930,392 921,392 916,387 905,387 904,388 903,387 896,387 895,388 882,388 874,380 872,380 871,379 857,379 848,388 827,388 824,391 822,391 819,388 818,388 817,387 811,387 810,388 809,388 807,386 792,386 790,388 785,388"/>
                <Baseline points="790,418 1486,418"/>
                <TextEquiv>
                    <Unicode>werden.</Unicode>
                </TextEquiv>
            </TextLine>
            <TextEquiv>
                <Unicode>Streich denen Preussen angebracht /
derenselben viele gefangen / worunter
sich einige vornehme befinden / samt
der Eroberung einer Cassa mit vielen
Geld / wovon die mehrere Umstände /
und Specification stündlich erwartet
werden.</Unicode>
            </TextEquiv>
        </TextRegion>
        <SeparatorRegion id="r_7" custom="readingOrder {index:6;}">
            <Coords points="840,430 1486,430 1486,440 840,440"/>
        </SeparatorRegion>
        <TextRegion type="heading" id="TextRegion_1502868035109_49" custom="readingOrder {index:7;} structure {type:heading;}">
            <Coords points="1493,530 792,530 792,446 1493,446"/>
            <TextLine id="tl_53" primaryLanguage="English" custom="readingOrder {index:0;}">
                <Coords points="788,488 798,488 801,485 807,485 811,489 820,489 821,488 822,488 827,483 829,485 830,485 833,488 838,488 842,492 853,492 858,487 865,487 866,486 867,486 868,485 870,485 872,487 890,487 891,486 893,486 902,477 909,477 918,486 928,486 933,481 935,483 937,483 939,485 950,485 952,483 956,483 958,485 966,485 967,484 969,484 972,481 974,481 976,483 977,483 979,485 988,485 989,484 990,484 991,483 993,483 995,485 1001,485 1003,483 1005,483 1006,484 1012,484 1013,483 1014,483 1016,481 1017,481 1021,477 1026,477 1030,481 1033,481 1036,484 1043,484 1044,483 1046,483 1047,482 1048,482 1049,481 1050,481 1051,480 1052,480 1053,479 1054,479 1058,483 1059,483 1060,484 1068,484 1069,483 1073,483 1076,486 1083,486 1084,485 1085,485 1086,484 1088,484 1096,492 1105,492 1112,485 1118,485 1120,483 1121,483 1122,482 1123,482 1125,480 1127,482 1128,482 1130,484 1139,484 1143,480 1145,480 1147,482 1148,482 1150,484 1153,484 1154,485 1156,485 1157,484 1158,484 1161,481 1162,481 1163,480 1167,480 1169,482 1170,482 1171,483 1180,483 1181,482 1184,482 1188,478 1192,482 1193,482 1194,483 1201,483 1202,482 1207,482 1208,483 1229,483 1231,481 1233,481 1235,483 1244,483 1245,482 1246,482 1247,481 1250,481 1252,483 1270,483 1271,482 1272,482 1279,475 1282,475 1297,490 1307,490 1314,483 1316,483 1317,484 1334,484 1335,483 1340,483 1348,475 1349,475 1356,482 1359,482 1362,485 1376,485 1377,484 1378,484 1380,482 1382,482 1384,484 1385,484 1388,487 1395,487 1396,486 1397,486 1399,484 1400,484 1403,481 1405,481 1406,480 1407,480 1411,484 1414,484 1415,485 1425,485 1428,482 1429,482 1430,483 1442,483 1443,482 1445,482 1448,485 1454,485 1455,484 1464,484 1468,480 1476,488 1484,488 1492,480 1497,480 1497,450 1485,450 1475,460 1468,453 1436,453 1427,444 1420,444 1414,450 1409,445 1406,445 1405,444 1399,444 1398,445 1395,445 1393,447 1391,447 1390,446 1389,446 1387,444 1378,444 1376,442 1370,442 1367,445 1358,445 1348,455 1339,455 1336,452 1327,452 1326,453 1319,453 1312,446 1306,446 1297,455 1273,455 1272,454 1271,454 1270,453 1254,453 1252,455 1249,452 1242,452 1241,453 1239,453 1237,455 1229,455 1228,454 1209,454 1208,453 1206,453 1205,452 1202,452 1199,449 1193,449 1191,451 1187,451 1177,441 1171,441 1158,454 1150,454 1148,456 1144,456 1141,453 1133,453 1124,444 1116,444 1115,443 1109,443 1108,444 1103,444 1101,446 1100,446 1092,454 1073,454 1072,453 1064,453 1062,455 1061,455 1059,457 1058,457 1056,455 1055,455 1054,454 1053,454 1052,453 1040,453 1039,452 1030,452 1025,457 1021,457 1019,455 1017,455 1015,453 1014,453 1013,452 984,452 981,455 980,455 978,457 975,454 968,454 967,455 965,453 945,453 943,455 942,455 940,457 938,457 935,454 934,454 933,453 931,453 929,451 927,451 924,448 923,448 922,447 913,447 902,458 899,458 896,455 894,455 892,453 878,453 870,445 858,445 857,444 851,444 849,446 848,446 846,448 843,448 841,446 832,446 825,453 824,453 818,447 817,447 816,446 804,446 802,448 798,448 793,453 788,453"/>
                <Baseline points="793,481 1492,481"/>
                <TextEquiv>
                    <Unicode>Lista deren verstorbenen zu Wien /</Unicode>
                </TextEquiv>
            </TextLine>
            <TextLine id="tl_54" primaryLanguage="German" custom="readingOrder {index:1;}">
                <Coords points="943,524 949,524 950,525 958,525 959,524 962,524 963,525 969,525 970,524 976,524 977,523 979,523 983,519 988,524 994,524 1003,515 1012,524 1028,524 1030,522 1032,524 1056,524 1057,525 1063,525 1064,524 1065,524 1067,522 1070,522 1080,512 1090,522 1092,522 1094,524 1104,524 1105,523 1106,523 1109,520 1110,520 1113,523 1114,523 1115,524 1126,524 1129,521 1131,521 1133,523 1135,523 1136,524 1142,524 1143,523 1146,523 1153,516 1154,516 1160,522 1172,522 1173,521 1174,521 1175,520 1176,520 1178,522 1180,522 1181,523 1206,523 1207,522 1208,522 1209,521 1210,521 1217,514 1219,514 1226,521 1227,521 1229,523 1232,523 1233,524 1237,524 1238,525 1246,525 1247,524 1253,524 1254,523 1255,523 1257,521 1259,523 1260,523 1261,524 1276,524 1277,523 1278,524 1286,524 1287,523 1294,523 1295,524 1304,524 1307,521 1311,525 1315,525 1316,524 1318,524 1319,523 1320,524 1328,524 1329,523 1335,523 1335,505 1330,505 1321,496 1319,496 1317,494 1310,494 1308,496 1304,496 1303,495 1301,495 1300,494 1299,494 1298,493 1297,493 1296,492 1290,492 1286,496 1285,495 1278,495 1275,498 1273,498 1267,492 1260,492 1259,491 1248,491 1245,488 1235,488 1234,489 1229,489 1227,491 1226,491 1224,493 1223,493 1218,498 1209,498 1208,497 1204,497 1203,496 1183,496 1180,499 1179,498 1178,498 1177,497 1176,497 1175,496 1174,496 1172,494 1168,494 1167,493 1166,493 1165,492 1161,492 1160,493 1159,493 1152,500 1151,500 1149,498 1141,498 1140,497 1132,497 1131,498 1118,498 1116,500 1114,500 1112,498 1111,498 1110,497 1102,497 1101,498 1100,498 1098,496 1067,496 1066,495 1065,495 1064,494 1062,494 1060,492 1052,492 1048,496 966,496 961,491 960,491 959,490 953,490 949,494 943,494"/>
                <Baseline points="948,521 1330,521"/>
                <TextEquiv>
                    <Unicode>in= und vor der Stadt.</Unicode>
                </TextEquiv>
                <TextStyle fontFamily="Times New Roman" fontSize="7.0"/>
            </TextLine>
            <TextEquiv>
                <Unicode>Lista deren verstorbenen zu Wien /
in= und vor der Stadt.</Unicode>
            </TextEquiv>
        </TextRegion>
        <TextRegion type="heading" id="TextRegion_1502868035109_48" custom="readingOrder {index:8;} structure {type:heading;}">
            <Coords points="1493,564 792,564 792,530 1493,530"/>
            <TextLine id="tl_55" primaryLanguage="German" custom="readingOrder {index:0;}">
                <Coords points="1075,563 1083,563 1084,564 1092,564 1093,563 1095,563 1097,561 1099,561 1101,563 1114,563 1115,562 1117,562 1118,561 1119,561 1120,560 1121,560 1122,559 1125,562 1131,562 1133,560 1135,560 1140,555 1148,563 1149,563 1151,565 1152,565 1153,566 1158,566 1160,564 1161,564 1162,563 1164,563 1166,565 1176,565 1177,564 1179,564 1181,562 1183,562 1185,564 1193,564 1194,563 1195,563 1196,562 1198,562 1201,565 1208,565 1209,564 1211,564 1212,563 1223,563 1224,562 1226,562 1228,564 1238,564 1240,562 1244,562 1246,564 1248,564 1249,565 1257,565 1260,562 1262,562 1264,560 1268,564 1275,564 1276,563 1277,563 1278,562 1280,562 1282,564 1288,564 1289,563 1290,563 1291,562 1302,562 1303,561 1308,561 1308,538 1302,538 1290,526 1283,526 1282,527 1277,527 1276,526 1269,526 1261,534 1259,534 1258,533 1250,533 1249,534 1221,534 1220,533 1206,533 1200,527 1193,527 1192,526 1176,526 1175,525 1170,525 1169,526 1166,526 1164,528 1162,526 1150,526 1129,547 1121,539 1120,539 1118,537 1117,537 1116,536 1113,536 1112,535 1103,535 1101,537 1098,537 1096,535 1075,535"/>
                <Baseline points="976,561 1303,561"/>
                <TextEquiv>
                    <Unicode>Den 10. Martii.</Unicode>
                </TextEquiv>
            </TextLine>
            <TextEquiv>
                <Unicode>Den 10. Martii.</Unicode>
            </TextEquiv>
        </TextRegion>
        <TextRegion type="heading" id="TextRegion_1502868052470_55" custom="readingOrder {index:9;} structure {type:heading;}">
            <Coords points="1356,610 927,610 927,569 1356,569"/>
            <TextLine id="tl_56" primaryLanguage="German" custom="readingOrder {index:0;}">
                <Coords points="923,609 944,609 945,608 946,608 947,607 948,607 949,606 952,606 954,604 955,605 970,605 971,604 973,604 974,603 975,603 979,599 986,599 991,604 995,604 996,605 1002,605 1003,604 1005,604 1008,601 1009,601 1013,605 1018,605 1019,604 1021,604 1022,603 1035,603 1036,602 1037,602 1038,601 1039,601 1045,595 1047,595 1055,603 1061,603 1062,604 1069,604 1070,603 1093,603 1094,604 1099,604 1100,603 1116,603 1117,604 1122,604 1123,603 1127,603 1129,601 1132,601 1134,603 1135,603 1136,604 1142,604 1143,603 1144,603 1145,602 1146,602 1148,600 1154,600 1155,599 1156,599 1159,596 1198,596 1205,603 1218,603 1220,601 1223,601 1225,603 1226,603 1227,604 1232,604 1235,601 1237,601 1238,602 1244,602 1245,601 1248,601 1249,602 1257,602 1258,601 1260,601 1262,603 1287,603 1289,601 1290,601 1292,603 1306,603 1308,601 1311,604 1315,604 1316,603 1325,603 1327,601 1328,601 1331,604 1337,604 1338,603 1339,603 1341,601 1342,601 1345,604 1352,604 1353,603 1354,603 1355,602 1360,602 1360,585 1354,585 1337,568 1329,568 1323,574 1320,574 1318,576 1317,576 1316,575 1308,575 1307,576 1306,575 1304,575 1303,574 1295,574 1291,578 1289,578 1286,575 1278,575 1277,574 1270,574 1268,576 1251,576 1245,570 1239,570 1238,571 1235,571 1233,569 1232,569 1230,567 1215,567 1214,566 1206,566 1205,567 1204,567 1184,587 1156,587 1146,577 1144,577 1142,575 1141,575 1140,574 1133,574 1131,576 1128,576 1127,575 1126,575 1125,574 1123,574 1122,573 1113,573 1110,576 1101,576 1100,577 1098,575 1092,575 1090,573 1087,573 1084,570 1083,570 1082,569 1074,569 1073,570 1072,569 1070,569 1067,566 1062,566 1061,567 1055,567 1052,570 1051,570 1049,572 1048,572 1046,574 1018,574 1017,575 1014,575 1010,579 1009,578 1008,578 1007,577 1006,577 1005,576 1004,576 1003,575 1002,575 1001,574 999,574 998,573 997,573 996,572 989,572 980,581 979,581 976,578 975,578 974,577 966,577 957,568 953,568 952,567 923,567"/>
                <Baseline points="928,600 1355,600"/>
                <TextEquiv>
                    <Unicode>Jn der Stadt. Niemand.</Unicode>
                </TextEquiv>
                <TextStyle fontFamily="Times New Roman" fontSize="7.0"/>
            </TextLine>
            <TextEquiv>
                <Unicode>Jn der Stadt. Niemand.</Unicode>
            </TextEquiv>
        </TextRegion>
        <TextRegion type="heading" id="TextRegion_1502868052470_54" custom="readingOrder {index:10;} structure {type:heading;}">
            <Coords points="1356,640 927,640 927,610 1356,610"/>
            <TextLine id="tl_57" primaryLanguage="German" custom="readingOrder {index:0;}">
                <Coords points="1001,638 1012,638 1014,640 1015,640 1017,642 1023,642 1024,641 1026,641 1029,638 1030,638 1032,636 1035,636 1039,640 1043,640 1044,641 1048,641 1050,639 1051,639 1054,636 1059,641 1064,641 1065,640 1067,640 1069,638 1071,638 1080,629 1088,637 1089,637 1091,639 1092,639 1093,640 1101,640 1104,637 1106,637 1108,639 1109,639 1111,641 1113,641 1114,642 1118,642 1119,641 1120,641 1121,640 1133,640 1134,639 1136,639 1137,638 1138,638 1150,626 1152,626 1164,638 1165,638 1167,640 1170,640 1171,641 1185,641 1186,640 1190,640 1191,639 1192,639 1193,638 1195,638 1197,640 1199,640 1200,641 1206,641 1207,640 1209,642 1213,642 1215,640 1216,640 1217,641 1223,641 1225,639 1229,639 1230,640 1238,640 1239,639 1241,639 1243,637 1244,637 1249,642 1254,642 1255,641 1256,641 1258,639 1259,639 1261,637 1273,637 1273,622 1267,622 1255,610 1249,610 1245,614 1244,614 1243,613 1241,613 1240,612 1237,612 1236,611 1235,611 1234,610 1221,610 1219,612 1218,612 1217,613 1214,613 1212,615 1209,615 1204,610 1198,610 1194,606 1183,606 1182,605 1179,605 1178,604 1170,604 1169,605 1167,605 1164,608 1163,608 1158,613 1115,613 1114,614 1113,614 1111,616 1110,616 1107,613 1105,613 1104,612 1103,612 1102,611 1100,611 1099,610 1097,610 1096,609 1089,609 1082,616 1073,616 1070,613 1065,613 1064,612 1057,612 1056,611 1037,611 1034,608 1033,608 1032,607 1022,607 1020,609 1018,609 1016,607 1001,607"/>
                <Baseline points="1006,637 1268,637"/>
                <TextEquiv>
                    <Unicode>Vor der Stadt.</Unicode>
                </TextEquiv>
            </TextLine>
            <TextEquiv>
                <Unicode>Vor der Stadt.</Unicode>
            </TextEquiv>
        </TextRegion>
        <TextRegion id="r_3_4" custom="readingOrder {index:11;} structure {type:list;}">
            <Coords points="791,642 1490,642 1490,755 791,755"/>
            <TextLine id="tl_58" primaryLanguage="German" custom="readingOrder {index:0;}">
                <Coords points="787,673 795,673 797,675 799,675 801,677 805,677 806,678 815,678 816,677 817,677 821,673 826,678 833,678 834,677 835,677 836,676 837,676 838,675 867,675 872,670 874,670 879,675 880,675 882,677 883,677 884,678 885,678 887,680 892,680 893,679 896,679 900,675 901,675 903,677 907,677 908,678 915,678 918,681 924,681 925,680 926,681 933,681 938,676 940,676 942,674 944,674 947,677 961,677 963,675 964,675 965,676 974,676 975,675 978,675 981,672 986,677 987,677 988,678 996,678 997,677 998,677 1000,675 1002,677 1007,677 1008,676 1010,676 1012,674 1016,674 1018,676 1023,676 1024,675 1025,675 1026,674 1027,674 1028,675 1029,675 1030,676 1046,676 1047,675 1050,675 1052,677 1058,677 1061,674 1062,674 1065,677 1073,677 1074,676 1083,676 1088,671 1090,671 1095,676 1096,676 1097,677 1099,677 1100,678 1116,678 1120,674 1121,674 1123,676 1124,676 1125,677 1133,677 1137,681 1143,681 1144,680 1148,680 1152,676 1154,676 1155,677 1160,677 1161,676 1163,676 1165,674 1166,674 1168,676 1169,676 1171,678 1176,678 1179,675 1181,675 1182,674 1183,674 1186,677 1191,677 1192,676 1196,676 1197,677 1199,677 1200,678 1205,678 1206,677 1207,677 1210,674 1212,676 1213,676 1215,678 1222,678 1224,676 1229,676 1230,677 1237,677 1240,674 1242,674 1244,676 1245,676 1246,677 1253,677 1254,676 1259,676 1260,675 1261,675 1262,674 1269,674 1277,682 1284,682 1289,677 1295,677 1301,671 1306,676 1307,676 1308,677 1317,677 1318,676 1330,676 1331,675 1332,675 1333,674 1344,674 1350,680 1354,680 1357,683 1359,683 1360,682 1365,682 1366,681 1374,681 1380,675 1382,677 1384,677 1385,678 1390,678 1393,675 1394,675 1401,682 1408,682 1409,681 1411,681 1415,677 1424,677 1426,679 1432,679 1433,678 1434,678 1435,677 1454,677 1458,681 1463,681 1464,680 1470,680 1471,679 1477,679 1480,676 1481,676 1489,668 1494,668 1494,648 1482,648 1478,652 1476,652 1473,649 1468,649 1467,650 1465,648 1458,648 1456,650 1453,650 1452,649 1438,649 1435,652 1432,652 1431,651 1430,651 1429,650 1420,650 1411,641 1402,641 1400,643 1399,643 1392,650 1385,650 1377,642 1376,642 1375,641 1355,641 1354,642 1353,642 1343,652 1341,652 1330,641 1314,641 1303,652 1302,652 1292,642 1281,642 1266,657 1260,651 1258,651 1257,650 1252,650 1250,652 1249,651 1243,651 1242,652 1241,651 1229,651 1228,652 1227,652 1225,650 1217,650 1216,651 1213,651 1206,644 1205,644 1204,643 1197,643 1195,645 1192,645 1191,644 1187,644 1180,651 1177,651 1176,650 1172,650 1171,651 1153,651 1144,642 1136,642 1133,645 1132,645 1126,651 1125,651 1119,645 1115,645 1114,644 1112,644 1111,643 1095,643 1089,649 1084,649 1082,651 1077,651 1076,650 1063,650 1062,651 1060,651 1059,650 1055,650 1048,643 1041,643 1040,642 1031,642 1029,644 1028,644 1021,651 1018,651 1008,641 1002,641 1001,642 991,642 982,651 978,651 977,650 964,650 963,651 960,651 959,650 958,650 957,649 951,649 947,653 946,653 941,648 935,648 927,640 920,640 914,646 913,646 907,640 903,640 900,643 898,641 879,641 868,652 867,651 866,651 865,650 864,650 863,649 857,649 856,650 855,649 853,649 852,648 848,648 846,650 840,650 838,652 837,652 836,651 829,651 822,644 820,644 818,642 817,642 815,640 799,640 798,641 787,641"/>
                <Baseline points="792,674 1489,674"/>
                <TextEquiv>
                    <Unicode>Dem Caspar Keller / Scheibern / s. K. Johann /</Unicode>
                </TextEquiv>
                <TextStyle fontFamily="Times New Roman" fontSize="7.0"/>
            </TextLine>
            <TextLine id="tl_59" primaryLanguage="German" custom="readingOrder {index:1;}">
                <Coords points="824,713 831,713 833,715 845,715 846,714 852,714 853,713 869,713 872,716 878,716 879,715 881,715 882,716 889,716 892,713 896,713 899,710 901,710 904,713 919,713 921,715 940,715 945,710 961,710 966,715 967,715 970,718 980,718 981,719 986,719 987,718 999,718 1000,717 1001,717 1002,716 1003,716 1007,712 1009,712 1012,715 1015,715 1016,716 1025,716 1026,715 1041,715 1042,714 1054,714 1055,713 1056,713 1057,712 1061,712 1063,714 1071,714 1073,712 1074,713 1084,713 1085,712 1088,715 1090,715 1094,719 1095,719 1097,721 1106,721 1119,708 1123,708 1137,722 1145,722 1146,721 1147,721 1148,720 1149,720 1158,711 1168,711 1179,722 1195,722 1196,723 1201,723 1213,711 1214,711 1217,708 1224,715 1239,715 1240,714 1247,714 1249,716 1256,716 1257,715 1258,715 1259,714 1267,714 1270,717 1278,717 1283,722 1289,722 1290,721 1293,721 1299,715 1306,715 1307,714 1310,714 1311,715 1314,715 1315,714 1321,714 1324,717 1330,717 1331,716 1332,716 1334,714 1343,714 1346,717 1351,717 1355,721 1362,721 1363,720 1365,720 1369,716 1372,716 1374,714 1381,714 1382,715 1390,715 1391,714 1396,714 1399,717 1406,717 1408,719 1416,719 1421,714 1427,714 1435,706 1437,706 1445,714 1453,714 1454,715 1461,715 1462,714 1464,714 1466,716 1470,716 1471,715 1472,715 1473,714 1485,714 1486,713 1487,713 1488,712 1493,712 1493,681 1481,681 1479,683 1478,683 1475,680 1467,680 1466,681 1465,681 1459,687 1449,687 1447,689 1435,689 1427,681 1426,681 1425,680 1424,680 1423,679 1417,679 1416,680 1413,680 1406,687 1398,687 1396,689 1392,689 1391,688 1390,688 1389,687 1380,687 1374,681 1366,681 1365,682 1360,682 1359,683 1357,683 1353,687 1338,687 1331,680 1326,680 1319,687 1314,687 1307,680 1301,680 1300,681 1298,681 1292,687 1290,687 1287,684 1279,684 1274,679 1273,679 1272,678 1265,678 1262,681 1259,681 1257,679 1244,679 1243,678 1225,678 1214,689 1211,689 1209,687 1198,687 1197,686 1192,686 1191,687 1189,687 1187,685 1181,685 1169,697 1168,697 1151,680 1144,680 1143,681 1135,681 1125,691 1124,691 1112,679 1102,679 1100,681 1097,681 1095,679 1089,679 1086,682 1077,682 1075,684 1073,682 1065,682 1062,685 1061,685 1059,687 1056,687 1055,686 1048,686 1047,687 1046,687 1037,678 1029,678 1028,679 1027,679 1026,678 1023,678 1022,677 1016,677 1015,678 1012,678 1003,687 978,687 973,682 966,682 955,693 954,693 947,686 941,686 938,689 936,689 935,688 933,688 932,687 926,687 925,688 919,688 918,689 916,689 915,688 914,688 913,687 905,687 903,689 900,689 898,687 897,687 896,686 891,686 885,680 876,680 868,688 865,688 864,687 858,687 851,680 849,680 848,679 845,679 844,680 834,680 831,683 824,683"/>
                <Baseline points="829,712 1488,712"/>
                <TextEquiv>
                    <Unicode>Caspar / im Rottis. H. zu Mätzleinstorf/ alt</Unicode>
                </TextEquiv>
                <TextStyle fontFamily="Times New Roman" fontSize="7.0"/>
            </TextLine>
            <TextLine id="tl_60" primaryLanguage="German" custom="readingOrder {index:2;}">
                <Coords points="823,750 828,750 829,751 834,751 835,750 845,750 846,751 854,751 855,750 856,750 857,749 866,749 873,756 879,756 880,755 881,756 891,756 892,755 894,755 895,754 896,754 897,753 898,753 901,750 903,752 909,752 911,750 916,750 916,725 910,725 901,716 893,716 892,715 890,715 889,716 882,716 881,715 879,715 878,716 876,716 857,735 856,735 846,725 844,725 843,724 831,724 829,726 823,726"/>
                <Baseline points="828,754 911,754"/>
                <TextEquiv>
                    <Unicode>2. J.</Unicode>
                </TextEquiv>
                <TextStyle fontFamily="Times New Roman" fontSize="8.5" bold="true"/>
            </TextLine>
            <TextEquiv>
                <Unicode>Dem Caspar Keller / Scheibern / s. K. Johann /
Caspar / im Rottis. H. zu Mätzleinstorf/ alt
2. J.</Unicode>
            </TextEquiv>
        </TextRegion>
        <TextRegion id="TextRegion_1502868063838_61" custom="readingOrder {index:12;} structure {type:list;}">
            <Coords points="1489,866 796,866 796,754 1489,754"/>
            <TextLine id="tl_61" primaryLanguage="German" custom="readingOrder {index:0;}">
                <Coords points="792,791 797,791 798,792 804,792 805,791 822,791 823,790 825,790 827,788 828,788 830,786 833,786 835,788 839,788 840,787 843,787 844,786 845,786 847,788 855,788 856,789 862,789 863,788 874,788 878,784 883,784 890,791 892,791 896,795 906,795 907,794 909,794 913,790 914,790 916,788 921,788 922,789 928,789 929,788 930,788 938,796 946,796 953,789 971,789 973,787 974,787 976,789 981,789 982,790 990,790 991,789 1002,789 1003,788 1013,788 1016,785 1029,785 1033,789 1081,789 1082,788 1084,788 1086,790 1094,790 1097,793 1104,793 1105,794 1107,794 1114,787 1132,787 1134,789 1140,789 1142,787 1148,787 1149,788 1155,788 1160,783 1170,783 1174,787 1196,787 1197,788 1204,788 1205,787 1208,787 1209,786 1210,786 1211,785 1212,785 1215,788 1223,788 1224,787 1230,793 1240,793 1241,792 1242,792 1244,790 1246,790 1248,792 1249,792 1251,794 1264,794 1265,793 1266,793 1272,787 1293,787 1294,788 1296,788 1297,789 1303,789 1304,788 1310,794 1314,794 1328,780 1330,780 1332,782 1338,782 1345,775 1346,775 1357,786 1363,786 1366,789 1380,789 1381,788 1383,788 1385,786 1387,788 1403,788 1405,786 1408,789 1409,789 1411,791 1417,791 1420,794 1428,794 1429,793 1430,793 1431,794 1438,794 1443,789 1455,789 1456,790 1463,790 1466,787 1467,787 1469,789 1477,789 1478,788 1479,788 1480,787 1492,787 1492,763 1487,763 1478,754 1468,754 1462,760 1445,760 1442,763 1440,763 1438,761 1426,761 1424,763 1422,761 1415,761 1414,760 1391,760 1384,753 1383,753 1382,752 1358,752 1347,763 1345,763 1341,759 1335,759 1331,763 1326,763 1318,755 1310,755 1308,757 1307,757 1304,760 1270,760 1267,763 1264,763 1262,761 1261,761 1260,760 1252,760 1249,763 1246,763 1243,760 1217,760 1210,753 1207,753 1206,752 1189,752 1188,753 1186,751 1175,751 1165,761 1164,761 1156,753 1149,753 1147,755 1145,755 1142,758 1137,758 1131,764 1129,762 1128,762 1127,761 1124,761 1123,760 1117,760 1116,761 1113,761 1105,753 1094,753 1092,755 1091,755 1088,758 1084,758 1081,755 1070,755 1068,753 1033,753 1018,768 1017,768 1009,760 995,760 992,763 991,763 989,761 973,761 971,763 968,763 967,762 960,762 959,763 950,754 940,754 939,755 937,755 936,756 935,756 929,762 923,762 916,755 908,755 907,754 904,754 903,753 897,753 896,754 895,754 894,755 892,755 891,756 888,756 879,765 876,765 874,763 871,763 870,762 853,762 852,761 848,761 847,762 836,762 833,765 827,759 826,759 824,757 822,757 820,755 819,755 818,754 817,754 816,753 807,753 806,754 801,754 799,756 792,756"/>
                <Baseline points="797,785 1487,785"/>
                <TextEquiv>
                    <Unicode>Dem Johann Michael Weygant / Burgerl.</Unicode>
                </TextEquiv>
            </TextLine>
            <TextLine id="tl_62" primaryLanguage="English" custom="readingOrder {index:1;}">
                <Coords points="826,821 832,821 834,823 835,823 836,824 838,824 839,825 845,825 846,824 854,824 855,823 856,823 858,821 861,821 863,823 865,823 866,824 871,824 878,831 885,831 887,829 888,829 894,823 895,824 910,824 916,830 925,830 932,823 940,823 943,826 959,826 960,825 970,825 971,824 973,826 988,826 990,824 992,826 1000,826 1004,830 1011,830 1012,829 1014,829 1019,824 1030,824 1032,822 1034,824 1035,824 1036,825 1044,825 1045,824 1047,824 1049,826 1056,826 1057,825 1067,825 1068,824 1076,824 1083,817 1084,817 1096,829 1102,829 1109,822 1112,822 1113,821 1114,821 1116,819 1120,819 1125,824 1131,824 1132,823 1135,823 1136,824 1144,824 1145,823 1146,824 1158,824 1159,823 1161,823 1162,824 1163,824 1164,825 1170,825 1176,819 1177,819 1181,823 1228,823 1235,830 1237,830 1238,831 1246,831 1247,830 1250,830 1257,823 1258,824 1265,824 1267,822 1268,822 1269,821 1271,821 1274,824 1282,824 1283,825 1289,825 1290,824 1292,824 1293,823 1299,823 1301,821 1302,821 1304,823 1311,823 1312,822 1313,822 1314,821 1316,821 1318,823 1331,823 1332,822 1333,822 1334,821 1336,821 1338,823 1353,823 1354,824 1362,824 1375,811 1377,811 1391,825 1397,825 1399,823 1400,823 1401,824 1417,824 1423,818 1428,823 1431,823 1432,824 1438,824 1441,821 1443,821 1445,823 1456,823 1458,825 1484,825 1485,824 1486,824 1487,823 1492,823 1492,798 1485,798 1484,797 1478,797 1477,798 1448,798 1446,800 1443,800 1440,797 1439,797 1436,794 1431,794 1430,793 1429,793 1428,794 1426,794 1420,800 1418,800 1416,798 1414,798 1413,797 1407,797 1406,798 1402,798 1396,792 1389,792 1381,800 1372,800 1368,796 1360,796 1357,799 1355,799 1354,798 1353,798 1351,796 1341,796 1340,797 1339,797 1337,799 1334,799 1333,798 1332,798 1331,797 1307,797 1302,792 1301,792 1300,791 1292,791 1286,797 1278,797 1273,802 1269,798 1268,798 1267,797 1266,797 1263,794 1255,794 1250,799 1249,798 1240,798 1239,799 1238,799 1236,801 1235,801 1233,799 1232,799 1230,797 1218,797 1213,792 1211,792 1210,791 1201,791 1200,790 1194,790 1193,791 1181,791 1170,802 1160,792 1158,792 1157,791 1127,791 1126,792 1122,792 1113,801 1106,794 1105,794 1104,793 1098,793 1097,794 1096,794 1089,801 1085,801 1082,798 1076,798 1073,801 1069,801 1067,799 1066,799 1065,798 1049,798 1048,799 1031,799 1030,798 1022,798 1019,801 1018,801 1009,792 1008,792 1007,791 1004,791 1002,793 998,793 990,801 988,801 987,800 986,800 985,799 976,799 974,801 973,801 971,799 969,799 968,798 962,798 961,799 945,799 943,801 942,801 938,805 937,805 925,793 917,793 916,794 914,794 911,797 904,797 902,799 893,799 884,790 875,790 868,797 867,797 862,792 861,792 860,791 854,791 853,790 838,790 837,791 836,791 835,792 833,792 831,794 826,794"/>
                <Baseline points="831,821 1487,821"/>
                <TextEquiv>
                    <Unicode>Schuh=machern / s. W. Magdalena/ in dem</Unicode>
                </TextEquiv>
            </TextLine>
            <TextLine id="tl_63" primaryLanguage="German" custom="readingOrder {index:2;}">
                <Coords points="825,860 835,860 836,861 840,861 841,862 856,862 860,858 863,861 871,861 872,860 884,860 886,858 888,858 890,860 898,860 899,861 906,861 907,860 911,860 912,861 922,861 923,860 927,860 928,861 929,861 930,862 938,862 939,861 941,861 942,860 944,860 945,861 946,861 948,863 954,863 959,868 966,868 967,867 968,868 975,868 982,861 989,861 990,860 991,860 992,859 995,862 996,862 997,863 1001,863 1003,861 1004,861 1006,859 1009,862 1018,862 1019,863 1027,863 1031,859 1036,859 1040,855 1044,855 1055,866 1057,866 1058,867 1066,867 1074,859 1086,859 1087,858 1088,858 1090,856 1091,856 1096,861 1113,861 1116,858 1117,858 1119,860 1132,860 1133,861 1139,861 1140,860 1142,860 1151,851 1160,860 1176,860 1177,859 1178,859 1179,858 1187,866 1193,866 1200,859 1201,859 1203,857 1205,857 1208,860 1219,860 1220,861 1228,861 1230,859 1231,859 1232,860 1239,860 1240,861 1247,861 1248,860 1250,862 1268,862 1271,859 1273,859 1276,862 1284,862 1287,859 1288,859 1289,858 1290,858 1291,857 1293,857 1296,860 1303,860 1306,857 1307,857 1309,859 1316,859 1322,865 1323,865 1324,866 1328,866 1329,865 1337,865 1343,859 1348,859 1350,857 1353,857 1355,859 1382,859 1384,861 1393,861 1397,857 1399,857 1401,859 1404,859 1412,867 1432,867 1433,866 1434,866 1441,859 1445,859 1451,865 1455,865 1458,868 1464,868 1465,867 1471,867 1477,861 1486,861 1487,860 1492,860 1492,836 1485,836 1477,828 1469,828 1468,827 1454,827 1453,828 1452,828 1444,836 1443,836 1442,835 1440,835 1439,834 1425,834 1423,836 1420,833 1412,833 1409,836 1399,836 1394,831 1385,831 1382,828 1373,828 1367,834 1357,834 1355,832 1348,832 1344,836 1341,836 1338,833 1336,833 1335,832 1329,832 1328,833 1327,833 1324,836 1321,836 1320,835 1315,835 1314,834 1307,834 1306,835 1305,835 1304,834 1297,834 1296,835 1295,835 1294,836 1291,836 1283,828 1274,828 1267,835 1260,828 1252,828 1247,833 1237,833 1235,835 1233,835 1228,830 1221,830 1220,831 1216,827 1209,827 1204,832 1188,832 1184,828 1182,828 1180,826 1177,826 1176,825 1162,825 1161,826 1160,826 1159,827 1157,827 1150,834 1095,834 1088,841 1085,841 1071,827 1069,827 1068,826 1062,826 1061,827 1057,827 1046,838 1044,838 1033,827 1032,827 1031,826 1023,826 1021,828 1015,828 1014,829 1012,829 1011,830 1009,830 1003,836 991,836 990,835 989,835 983,829 979,829 978,828 962,828 960,830 959,830 954,835 945,835 943,837 942,836 931,836 930,837 924,837 917,830 910,830 906,834 894,834 893,835 872,835 870,837 864,837 860,833 859,833 857,831 855,831 853,829 842,829 841,828 835,828 834,829 831,829 830,830 825,830"/>
                <Baseline points="830,859 1487,859"/>
                <TextEquiv>
                    <Unicode>Dirndorfferis. H. am Spital=berg / alt 45. J.</Unicode>
                </TextEquiv>
                <TextStyle fontFamily="Times New Roman" fontSize="7.0"/>
            </TextLine>
            <TextEquiv>
                <Unicode>Dem Johann Michael Weygant / Burgerl.
Schuh=machern / s. W. Magdalena/ in dem
Dirndorfferis. H. am Spital=berg / alt 45. J.</Unicode>
            </TextEquiv>
        </TextRegion>
        <TextRegion id="TextRegion_1502868063838_60" custom="readingOrder {index:13;} structure {type:list;}">
            <Coords points="1489,978 796,978 796,866 1489,866"/>
            <TextLine id="tl_64" primaryLanguage="German" custom="readingOrder {index:0;}">
                <Coords points="793,902 804,902 805,901 808,901 809,902 820,902 821,901 824,901 828,897 831,897 833,899 840,899 842,897 843,897 844,898 870,898 873,895 879,901 888,901 889,902 895,902 896,903 902,903 908,897 910,899 921,899 923,897 925,897 929,901 932,901 933,902 938,902 939,901 940,901 944,897 945,897 947,899 980,899 981,898 982,898 983,897 984,897 987,900 992,900 993,899 1001,899 1003,897 1004,897 1006,895 1012,895 1016,899 1025,899 1026,898 1028,898 1029,897 1031,897 1032,898 1042,898 1045,895 1047,897 1048,897 1050,899 1056,899 1057,898 1060,898 1063,895 1066,895 1068,897 1069,897 1070,898 1077,898 1078,897 1079,897 1080,896 1083,899 1088,899 1089,898 1090,898 1092,896 1095,899 1101,899 1102,898 1103,898 1105,896 1107,896 1109,898 1112,898 1113,899 1114,899 1115,900 1121,900 1123,898 1126,898 1127,899 1132,899 1135,896 1138,896 1140,898 1148,898 1150,896 1151,896 1153,898 1158,898 1159,897 1160,897 1161,896 1163,896 1169,902 1174,902 1175,901 1176,901 1179,898 1187,898 1191,902 1198,902 1199,901 1201,901 1204,898 1222,898 1223,897 1225,897 1227,895 1228,895 1229,896 1234,896 1235,895 1238,895 1240,897 1248,897 1249,896 1250,896 1251,895 1254,898 1259,898 1260,897 1272,897 1273,898 1278,898 1285,891 1295,901 1299,901 1300,900 1301,900 1305,896 1313,896 1316,893 1317,893 1321,897 1348,897 1350,895 1354,895 1356,893 1360,893 1364,897 1368,897 1369,898 1375,898 1376,897 1378,897 1380,895 1381,895 1384,898 1392,898 1395,895 1396,895 1398,897 1402,897 1406,901 1414,901 1415,900 1416,900 1417,901 1424,901 1428,897 1435,897 1436,898 1442,898 1443,897 1444,897 1445,898 1454,898 1455,897 1456,897 1457,898 1465,898 1466,897 1469,897 1471,899 1479,899 1480,898 1481,898 1486,893 1491,893 1491,869 1480,869 1478,871 1476,871 1472,867 1466,867 1460,873 1459,873 1456,876 1454,874 1453,874 1451,872 1443,872 1442,871 1437,871 1433,867 1428,867 1424,871 1411,871 1409,873 1408,873 1407,872 1406,872 1405,871 1399,871 1392,864 1389,864 1388,863 1376,863 1375,862 1369,862 1368,863 1365,863 1357,871 1356,871 1348,863 1339,863 1337,865 1329,865 1328,866 1326,866 1318,874 1308,864 1298,864 1288,874 1286,874 1284,872 1278,872 1276,874 1273,874 1270,871 1262,871 1261,872 1252,872 1251,871 1238,871 1235,874 1226,874 1224,872 1223,872 1222,871 1203,871 1202,870 1201,870 1196,865 1194,865 1193,866 1187,866 1186,865 1185,866 1183,866 1180,863 1171,863 1163,871 1153,871 1147,865 1140,865 1139,866 1137,866 1134,863 1116,863 1114,865 1113,865 1107,871 1102,871 1097,876 1094,873 1089,873 1088,872 1082,872 1081,873 1080,873 1078,871 1070,871 1068,873 1067,873 1061,867 1058,867 1057,866 1048,866 1043,871 1036,871 1028,863 1014,863 1004,873 1001,873 1000,872 983,872 982,873 981,872 962,872 961,873 956,873 955,872 948,872 947,873 945,873 937,865 926,865 920,871 914,871 906,863 897,863 896,862 885,862 884,863 882,863 872,873 871,872 870,872 869,871 847,871 845,873 843,873 842,872 834,872 833,873 830,873 826,869 825,869 824,868 823,868 821,866 819,866 818,865 817,865 816,864 802,864 801,865 799,865 798,866 793,866"/>
                <Baseline points="798,895 1486,895"/>
                <TextEquiv>
                    <Unicode>Dem Johann Lober / Kirschnern / s. K. Regina/</Unicode>
                </TextEquiv>
                <TextStyle fontFamily="Times New Roman" fontSize="7.0"/>
            </TextLine>
            <TextLine id="tl_65" primaryLanguage="German" custom="readingOrder {index:1;}">
                <Coords points="824,935 829,935 831,937 836,937 837,936 838,936 839,935 858,935 859,936 864,936 865,935 866,935 872,929 875,929 881,935 884,935 885,936 895,936 896,935 899,935 900,934 902,934 904,932 905,932 911,938 920,938 923,941 930,941 936,935 953,935 954,936 959,936 961,934 962,934 963,933 965,933 968,936 976,936 977,937 982,937 983,936 988,936 989,937 995,937 996,936 998,936 1004,942 1005,942 1006,943 1016,943 1017,942 1018,942 1022,938 1032,938 1033,937 1034,937 1038,933 1042,937 1048,937 1049,936 1052,936 1054,938 1072,938 1074,936 1077,936 1080,939 1088,939 1092,943 1099,943 1109,933 1110,933 1114,929 1118,929 1124,935 1125,935 1133,943 1142,943 1143,942 1144,942 1151,935 1154,935 1155,936 1160,936 1161,935 1162,935 1168,929 1173,929 1180,936 1187,936 1188,935 1198,935 1200,937 1206,937 1214,929 1216,929 1222,935 1224,935 1225,936 1230,936 1235,931 1237,931 1241,935 1250,935 1252,933 1253,933 1255,935 1264,935 1271,928 1281,938 1290,938 1295,933 1298,936 1303,936 1306,933 1307,933 1310,936 1320,936 1326,942 1333,942 1342,933 1345,933 1347,935 1357,935 1358,934 1360,934 1361,935 1362,935 1363,936 1370,936 1371,935 1376,935 1377,936 1384,936 1385,935 1389,935 1392,938 1401,938 1404,941 1411,941 1417,935 1426,935 1427,936 1433,936 1434,935 1435,936 1440,936 1441,935 1447,935 1448,936 1452,936 1453,935 1455,935 1456,934 1459,934 1461,932 1465,936 1471,936 1472,935 1473,935 1474,936 1482,936 1488,930 1493,930 1493,905 1488,905 1487,904 1483,904 1482,905 1481,905 1479,907 1478,907 1474,903 1466,903 1461,908 1459,908 1453,902 1445,902 1439,908 1437,908 1436,907 1431,907 1430,908 1429,908 1422,901 1417,901 1416,900 1415,900 1414,901 1407,901 1397,911 1396,911 1394,913 1393,913 1388,908 1387,908 1382,903 1375,903 1374,904 1373,904 1372,903 1371,903 1370,902 1363,902 1357,908 1349,908 1348,909 1344,909 1342,907 1334,907 1333,906 1328,906 1326,908 1325,908 1324,909 1322,909 1321,908 1317,908 1316,909 1312,909 1310,911 1309,911 1307,909 1306,909 1305,908 1299,908 1293,902 1292,902 1291,901 1290,901 1289,900 1281,900 1280,901 1279,901 1269,911 1266,908 1254,908 1253,909 1251,907 1250,907 1249,906 1244,906 1239,911 1238,911 1230,903 1222,903 1212,913 1208,909 1207,909 1205,907 1199,907 1198,908 1197,907 1193,907 1187,901 1182,901 1164,919 1163,919 1144,900 1132,900 1119,913 1117,913 1106,902 1105,902 1104,901 1095,901 1091,905 1090,905 1088,903 1081,903 1079,905 1075,901 1066,901 1064,903 1062,903 1053,912 1051,910 1049,910 1048,909 1040,909 1033,902 1027,902 1026,903 1024,903 1019,908 1015,908 1011,904 1006,904 1005,905 1004,905 1000,909 981,909 980,908 972,908 966,914 961,909 956,909 955,910 953,910 952,909 951,909 950,908 938,908 936,910 928,902 919,902 911,910 904,903 896,903 895,902 889,902 888,901 879,901 878,902 877,902 868,911 866,911 863,908 847,908 845,910 837,902 831,902 829,904 824,904"/>
                <Baseline points="829,934 1488,934"/>
                <TextEquiv>
                    <Unicode>im Schwarzbeckis. H. in der Leopold=stadt /</Unicode>
                </TextEquiv>
                <TextStyle fontFamily="Times New Roman" fontSize="7.0"/>
            </TextLine>
            <TextLine id="tl_66" primaryLanguage="German" custom="readingOrder {index:2;}">
                <Coords points="825,973 830,973 831,974 837,974 838,973 845,973 846,972 847,972 848,971 850,971 851,972 859,972 860,973 868,973 869,972 870,972 878,964 881,964 888,971 889,971 890,972 901,972 902,971 903,971 904,970 907,970 908,971 914,971 915,972 924,972 930,978 933,978 935,980 948,980 949,979 951,979 960,970 970,970 970,951 965,951 953,939 946,939 945,938 934,938 916,956 915,956 914,957 912,957 901,946 900,946 899,945 889,945 886,948 885,947 874,947 869,942 864,942 862,944 861,944 858,941 856,941 855,940 851,940 844,947 843,947 842,946 835,946 830,951 825,951"/>
                <Baseline points="830,971 965,971"/>
                <TextEquiv>
                    <Unicode>alt 1. J.</Unicode>
                </TextEquiv>
                <TextStyle fontFamily="Times New Roman" fontSize="7.0"/>
            </TextLine>
            <TextEquiv>
                <Unicode>Dem Johann Lober / Kirschnern / s. K. Regina/
im Schwarzbeckis. H. in der Leopold=stadt /
alt 1. J.</Unicode>
            </TextEquiv>
        </TextRegion>
        <TextRegion id="r_3_6" custom="readingOrder {index:14;} structure {type:list;}">
            <Coords points="791,976 1488,976 1488,1089 791,1089"/>
            <TextLine id="tl_67" primaryLanguage="German" custom="readingOrder {index:0;} unclear {offset:13; length:1;}">
                <Coords points="787,1010 793,1010 794,1011 802,1011 804,1013 811,1013 812,1012 819,1012 823,1008 824,1008 826,1010 836,1010 837,1011 842,1011 843,1010 845,1010 846,1011 847,1011 848,1012 855,1012 856,1011 862,1011 863,1010 871,1018 891,1018 892,1017 894,1017 901,1010 904,1010 905,1011 912,1011 913,1010 914,1010 921,1017 928,1017 935,1010 945,1010 946,1011 953,1011 955,1009 965,1009 966,1008 971,1008 972,1007 973,1007 975,1009 984,1009 985,1010 991,1010 998,1003 999,1003 1003,1007 1004,1007 1006,1009 1018,1009 1019,1010 1020,1010 1021,1011 1027,1011 1031,1007 1033,1009 1050,1009 1052,1007 1053,1007 1055,1009 1064,1009 1070,1015 1077,1015 1084,1008 1085,1008 1086,1009 1093,1009 1096,1006 1097,1006 1099,1008 1106,1008 1108,1006 1110,1008 1115,1008 1116,1007 1118,1007 1121,1004 1135,1004 1139,1008 1144,1008 1146,1010 1157,1010 1158,1009 1159,1009 1160,1008 1165,1008 1167,1010 1183,1010 1185,1008 1186,1008 1188,1010 1197,1010 1199,1012 1208,1012 1212,1008 1214,1010 1221,1010 1222,1009 1224,1009 1225,1008 1226,1008 1227,1009 1233,1009 1234,1008 1238,1008 1239,1009 1246,1009 1247,1008 1250,1008 1252,1010 1267,1010 1271,1006 1272,1007 1277,1007 1282,1002 1292,1002 1304,1014 1310,1014 1318,1006 1322,1006 1326,1002 1335,1002 1341,1008 1348,1008 1350,1010 1370,1010 1371,1009 1374,1009 1375,1008 1381,1008 1382,1007 1383,1007 1384,1006 1385,1006 1388,1003 1403,1003 1407,1007 1413,1007 1417,1011 1418,1011 1419,1012 1429,1012 1430,1011 1431,1011 1432,1010 1434,1010 1435,1009 1438,1009 1440,1011 1441,1011 1442,1012 1448,1012 1449,1013 1455,1013 1457,1011 1459,1011 1460,1012 1467,1012 1468,1011 1469,1011 1470,1010 1471,1010 1472,1009 1474,1009 1475,1010 1481,1010 1482,1009 1485,1009 1487,1007 1492,1007 1492,989 1487,989 1486,988 1479,988 1475,984 1474,984 1473,983 1461,983 1460,984 1459,984 1457,986 1453,982 1447,982 1445,984 1443,984 1434,975 1426,975 1425,974 1411,974 1393,992 1392,992 1374,974 1338,974 1329,983 1328,983 1320,975 1319,975 1318,974 1308,974 1294,988 1291,988 1285,982 1278,982 1275,985 1272,985 1267,980 1266,980 1265,979 1259,979 1258,980 1254,980 1251,983 1245,983 1244,982 1234,982 1225,973 1220,973 1219,974 1215,974 1214,975 1213,975 1212,976 1208,976 1207,975 1206,975 1205,974 1197,974 1195,976 1194,975 1191,975 1189,973 1184,973 1183,974 1178,974 1176,976 1173,976 1172,975 1166,975 1165,976 1157,976 1156,975 1140,975 1139,976 1138,976 1129,985 1128,985 1124,981 1117,981 1116,982 1114,982 1107,975 1099,975 1092,982 1083,982 1075,974 1066,974 1064,976 1062,976 1056,982 1049,982 1042,975 1035,975 1034,976 1032,976 1029,973 1010,973 996,987 991,982 975,982 973,984 942,984 939,987 928,976 920,976 911,985 904,985 897,978 891,978 890,977 889,977 888,976 886,976 885,975 880,975 879,976 874,976 865,985 864,985 862,983 838,983 836,985 835,985 834,984 828,984 827,985 825,985 818,978 817,978 816,977 815,977 814,976 810,976 809,975 803,975 802,976 795,976 792,979 787,979"/>
                <Baseline points="792,1007 1487,1007"/>
                <TextEquiv>
                    <Unicode>Dem Johann Kiechel / Tischlern / s. W. Bar=</Unicode>
                </TextEquiv>
                <TextStyle fontFamily="Times New Roman" fontSize="7.0"/>
            </TextLine>
            <TextLine id="tl_68" primaryLanguage="German" custom="readingOrder {index:1;}">
                <Coords points="824,1047 831,1047 832,1048 837,1048 838,1047 840,1047 841,1046 842,1046 846,1042 851,1047 863,1047 864,1046 874,1046 876,1044 879,1044 882,1047 888,1047 889,1048 895,1048 896,1047 898,1047 903,1042 905,1042 913,1034 916,1034 929,1047 930,1047 931,1048 938,1048 942,1044 943,1044 946,1047 956,1047 961,1052 973,1052 982,1043 985,1043 987,1045 989,1045 991,1047 999,1047 1002,1044 1003,1044 1004,1043 1006,1045 1007,1045 1010,1048 1035,1048 1039,1052 1044,1052 1053,1043 1055,1043 1057,1045 1058,1045 1060,1047 1066,1047 1067,1046 1068,1046 1069,1045 1071,1047 1078,1047 1079,1046 1080,1046 1083,1043 1084,1043 1087,1046 1093,1046 1094,1045 1095,1045 1096,1044 1103,1044 1111,1052 1126,1052 1131,1047 1138,1047 1139,1046 1150,1046 1151,1047 1156,1047 1157,1046 1159,1046 1160,1045 1161,1045 1162,1044 1166,1044 1168,1046 1176,1046 1177,1047 1192,1047 1193,1046 1194,1046 1196,1044 1201,1044 1203,1046 1212,1046 1214,1044 1215,1044 1217,1046 1225,1046 1226,1045 1235,1045 1237,1047 1243,1047 1249,1053 1256,1053 1262,1047 1273,1047 1274,1046 1275,1046 1276,1045 1278,1047 1295,1047 1296,1046 1297,1046 1301,1042 1308,1042 1311,1045 1313,1045 1315,1047 1323,1047 1324,1046 1325,1046 1326,1045 1335,1045 1344,1054 1355,1054 1365,1044 1370,1044 1372,1046 1373,1046 1376,1049 1470,1049 1471,1050 1479,1050 1484,1045 1489,1045 1489,1021 1477,1021 1474,1024 1473,1023 1472,1023 1470,1021 1469,1021 1468,1020 1459,1020 1458,1021 1452,1015 1445,1015 1439,1021 1430,1021 1428,1023 1427,1023 1425,1021 1415,1021 1406,1012 1395,1012 1394,1011 1375,1011 1363,1023 1362,1023 1359,1020 1352,1020 1351,1019 1345,1019 1344,1020 1330,1020 1323,1013 1317,1013 1316,1014 1315,1014 1314,1015 1313,1015 1303,1025 1300,1025 1294,1019 1278,1019 1277,1020 1266,1020 1264,1022 1254,1012 1246,1012 1239,1019 1237,1019 1234,1022 1232,1020 1231,1020 1229,1018 1222,1018 1221,1019 1220,1019 1218,1021 1214,1021 1213,1020 1208,1020 1207,1021 1202,1021 1199,1018 1198,1018 1193,1013 1192,1013 1191,1012 1190,1012 1189,1011 1172,1011 1160,1023 1158,1021 1141,1021 1131,1011 1120,1011 1118,1013 1116,1013 1115,1014 1113,1014 1111,1016 1108,1016 1106,1014 1099,1014 1094,1019 1093,1019 1092,1020 1088,1020 1086,1022 1075,1022 1074,1021 1065,1021 1064,1020 1058,1020 1054,1024 1049,1024 1046,1021 1045,1021 1043,1019 1036,1019 1035,1020 1034,1020 1033,1019 1027,1019 1026,1020 1025,1019 1018,1019 1017,1020 1009,1020 1007,1022 1004,1022 1001,1019 1000,1019 996,1015 988,1015 979,1024 977,1024 974,1021 968,1021 967,1022 966,1021 949,1021 947,1023 938,1014 931,1014 922,1023 911,1023 910,1022 903,1022 902,1023 861,1023 859,1021 851,1021 849,1023 848,1023 839,1014 832,1014 830,1016 824,1016"/>
                <Baseline points="829,1044 1484,1044"/>
                <TextEquiv>
                    <Unicode>bara/ bey dem weissen Drachen bey Maria=</Unicode>
                </TextEquiv>
            </TextLine>
            <TextLine id="tl_69" primaryLanguage="English" custom="readingOrder {index:2;}">
                <Coords points="825,1083 832,1083 838,1089 839,1089 841,1091 846,1091 847,1090 848,1090 849,1089 850,1089 856,1083 859,1083 862,1086 868,1086 869,1085 880,1085 881,1086 888,1086 893,1091 899,1091 904,1086 906,1086 908,1088 913,1088 927,1074 928,1074 938,1084 956,1084 958,1082 959,1083 965,1083 966,1082 968,1082 969,1083 976,1083 982,1077 985,1077 988,1074 989,1074 997,1082 1000,1082 1006,1088 1013,1088 1015,1086 1018,1086 1020,1088 1030,1088 1034,1084 1035,1084 1040,1079 1042,1079 1043,1078 1044,1078 1047,1075 1061,1089 1065,1089 1066,1090 1072,1090 1073,1089 1074,1089 1075,1088 1077,1088 1080,1085 1081,1085 1087,1079 1095,1079 1095,1056 1085,1056 1082,1053 1076,1053 1074,1051 1072,1051 1071,1050 1060,1050 1054,1056 1046,1056 1043,1059 1040,1059 1036,1055 1021,1055 1019,1057 1016,1057 1014,1055 1007,1055 997,1065 989,1065 987,1067 976,1056 970,1056 966,1052 958,1052 953,1057 945,1057 943,1059 941,1059 939,1061 936,1061 935,1060 927,1060 922,1055 912,1055 908,1051 895,1051 889,1057 886,1057 877,1048 868,1048 858,1058 850,1050 843,1050 841,1052 839,1052 831,1060 825,1060"/>
                <Baseline points="830,1082 1090,1082"/>
                <TextEquiv>
                    <Unicode>Hülf / alt 45. J.</Unicode>
                </TextEquiv>
            </TextLine>
            <TextEquiv>
                <Unicode>Dem Johann Kiechel / Tischlern / s. W. Bar=
bara/ bey dem weissen Drachen bey Maria=
Hülf / alt 45. J.</Unicode>
            </TextEquiv>
        </TextRegion>
        <TextRegion id="r_3_7" custom="readingOrder {index:15;} structure {type:list;}">
            <Coords points="793,1087 1485,1087 1485,1203 793,1203"/>
            <TextLine id="tl_70" primaryLanguage="German" custom="readingOrder {index:0;}">
                <Coords points="789,1121 802,1121 806,1125 814,1125 815,1124 816,1124 817,1123 818,1123 820,1121 821,1121 823,1119 824,1119 826,1121 832,1121 833,1120 834,1120 835,1119 837,1119 839,1121 840,1121 841,1122 846,1122 847,1121 849,1121 855,1115 860,1115 862,1117 863,1117 869,1123 882,1123 884,1121 895,1121 897,1123 910,1123 912,1121 923,1121 925,1119 927,1119 929,1121 935,1121 936,1122 942,1122 949,1115 952,1115 965,1128 973,1128 982,1119 984,1119 986,1121 996,1121 998,1119 1011,1119 1018,1126 1025,1126 1034,1117 1036,1119 1045,1119 1049,1123 1058,1123 1060,1121 1061,1121 1065,1117 1074,1117 1075,1118 1085,1118 1086,1119 1100,1119 1101,1118 1102,1118 1104,1116 1106,1118 1113,1118 1115,1116 1117,1116 1120,1119 1126,1119 1127,1118 1130,1118 1132,1120 1140,1120 1142,1118 1143,1118 1144,1119 1158,1119 1159,1118 1160,1118 1161,1117 1162,1117 1168,1111 1172,1111 1176,1107 1187,1118 1217,1118 1218,1117 1224,1117 1225,1118 1235,1118 1236,1117 1238,1119 1245,1119 1247,1117 1250,1120 1258,1120 1259,1119 1285,1119 1286,1118 1287,1118 1288,1117 1289,1117 1291,1119 1293,1119 1294,1120 1300,1120 1301,1119 1309,1119 1317,1111 1325,1119 1326,1119 1327,1120 1334,1120 1335,1119 1336,1119 1337,1120 1339,1120 1341,1122 1350,1122 1351,1121 1352,1121 1355,1118 1357,1120 1367,1120 1375,1112 1383,1120 1386,1120 1387,1121 1397,1121 1398,1120 1400,1122 1407,1122 1411,1118 1419,1118 1426,1125 1431,1125 1433,1127 1444,1127 1446,1125 1447,1125 1449,1123 1450,1123 1452,1121 1456,1121 1457,1122 1466,1122 1468,1120 1471,1120 1472,1121 1480,1121 1483,1118 1488,1118 1488,1093 1459,1093 1454,1088 1448,1088 1447,1087 1442,1087 1441,1086 1435,1086 1434,1087 1427,1087 1421,1093 1417,1093 1410,1086 1391,1086 1390,1087 1388,1087 1382,1093 1358,1093 1350,1085 1340,1085 1339,1086 1328,1086 1322,1092 1272,1092 1271,1091 1263,1091 1261,1089 1253,1089 1250,1092 1247,1089 1238,1089 1235,1086 1228,1086 1225,1089 1221,1085 1219,1085 1218,1084 1211,1084 1210,1085 1208,1085 1207,1084 1200,1084 1199,1085 1198,1085 1197,1084 1189,1084 1188,1085 1184,1085 1178,1091 1145,1091 1140,1086 1134,1086 1129,1091 1107,1091 1103,1087 1098,1087 1097,1086 1086,1086 1084,1088 1083,1088 1080,1091 1076,1091 1073,1094 1072,1094 1070,1096 1064,1096 1056,1088 1048,1088 1046,1090 1038,1090 1035,1093 1020,1093 1017,1096 1014,1096 1013,1095 1012,1095 1011,1094 1005,1094 1003,1096 997,1096 996,1095 990,1095 982,1087 973,1087 972,1086 960,1086 958,1088 957,1088 946,1099 945,1099 942,1096 940,1096 939,1095 931,1095 930,1096 910,1096 909,1095 900,1095 899,1096 898,1096 892,1090 869,1090 866,1093 862,1093 856,1099 854,1099 852,1097 851,1097 850,1096 824,1096 816,1088 815,1088 814,1087 808,1087 807,1086 797,1086 795,1088 789,1088"/>
                <Baseline points="794,1117 1483,1117"/>
                <TextEquiv>
                    <Unicode>Der Clara Praxthallerin / Wittwe / ihr K. Jo=</Unicode>
                </TextEquiv>
            </TextLine>
            <TextLine id="tl_71" primaryLanguage="German" custom="readingOrder {index:1;}">
                <Coords points="824,1159 829,1159 833,1163 838,1163 842,1159 850,1159 854,1163 856,1163 857,1164 862,1164 867,1159 871,1159 875,1163 885,1163 893,1155 898,1155 900,1153 912,1153 918,1159 926,1159 927,1158 928,1158 930,1156 935,1156 936,1157 942,1157 943,1156 950,1163 955,1163 956,1164 960,1164 962,1162 963,1162 971,1154 976,1154 979,1157 990,1157 993,1154 996,1157 998,1157 999,1158 1003,1158 1004,1157 1019,1157 1020,1158 1026,1158 1027,1157 1060,1157 1063,1154 1067,1154 1070,1157 1096,1157 1102,1151 1111,1151 1114,1154 1115,1154 1118,1157 1138,1157 1141,1154 1142,1154 1145,1157 1152,1157 1157,1162 1165,1162 1170,1157 1198,1157 1204,1163 1211,1163 1213,1161 1220,1161 1224,1157 1260,1157 1266,1151 1274,1159 1281,1159 1283,1157 1285,1157 1286,1158 1302,1158 1303,1157 1304,1158 1311,1158 1318,1151 1324,1151 1331,1158 1337,1158 1338,1157 1354,1157 1355,1158 1364,1158 1366,1156 1369,1156 1372,1159 1379,1159 1382,1162 1390,1162 1391,1161 1393,1161 1395,1159 1406,1159 1407,1158 1419,1158 1421,1156 1422,1156 1425,1159 1453,1159 1459,1165 1464,1165 1465,1164 1467,1164 1476,1155 1482,1155 1483,1154 1489,1154 1489,1140 1483,1140 1468,1125 1467,1125 1466,1124 1456,1124 1454,1126 1448,1126 1446,1128 1445,1128 1440,1133 1439,1132 1424,1132 1423,1131 1422,1131 1421,1130 1413,1130 1412,1131 1411,1131 1409,1129 1396,1129 1390,1123 1383,1123 1382,1124 1378,1124 1371,1131 1368,1131 1367,1130 1357,1130 1351,1124 1344,1124 1342,1122 1336,1122 1335,1121 1329,1121 1316,1134 1315,1134 1312,1131 1311,1131 1310,1130 1288,1130 1282,1124 1274,1124 1264,1134 1262,1134 1258,1130 1248,1130 1242,1124 1234,1124 1233,1125 1232,1125 1230,1127 1229,1127 1226,1124 1225,1124 1224,1123 1208,1123 1206,1125 1202,1121 1190,1121 1184,1127 1183,1127 1179,1123 1174,1123 1170,1127 1167,1127 1163,1123 1153,1123 1147,1129 1146,1129 1144,1127 1142,1127 1141,1126 1139,1126 1138,1125 1137,1125 1135,1123 1127,1123 1126,1122 1117,1122 1116,1123 1115,1123 1113,1125 1112,1125 1098,1139 1097,1139 1089,1131 1087,1131 1085,1129 1083,1129 1082,1128 1076,1128 1075,1129 1071,1129 1069,1131 991,1131 990,1130 988,1130 986,1128 978,1128 977,1129 976,1129 974,1131 963,1131 962,1132 946,1132 944,1130 938,1130 936,1132 934,1132 928,1126 927,1126 926,1125 918,1125 907,1136 904,1136 903,1135 897,1135 896,1136 893,1136 882,1125 874,1125 867,1132 862,1132 861,1131 855,1131 854,1132 853,1132 846,1125 841,1125 840,1124 834,1124 829,1129 824,1129"/>
                <Baseline points="829,1155 1484,1155"/>
                <TextEquiv>
                    <Unicode>seph / bey denen 2. Schlüsseln im Liechtenth.</Unicode>
                </TextEquiv>
            </TextLine>
            <TextLine id="tl_72" primaryLanguage="German" custom="readingOrder {index:2;}">
                <Coords points="826,1195 840,1195 841,1196 845,1196 846,1195 858,1195 859,1194 861,1196 869,1196 870,1195 871,1195 874,1192 886,1204 898,1204 909,1193 924,1193 929,1198 930,1198 931,1199 932,1199 934,1201 939,1201 940,1202 950,1202 953,1199 954,1199 960,1193 971,1193 971,1172 966,1172 958,1164 956,1164 955,1163 950,1163 948,1161 947,1161 946,1160 939,1160 938,1161 933,1161 914,1180 906,1172 905,1172 904,1171 900,1171 899,1170 891,1170 890,1171 888,1171 886,1169 872,1169 871,1168 863,1168 859,1164 857,1164 856,1163 851,1163 845,1169 834,1169 831,1172 826,1172"/>
                <Baseline points="831,1194 966,1194"/>
                <TextEquiv>
                    <Unicode>alt 5. J.</Unicode>
                </TextEquiv>
                <TextStyle fontFamily="Times New Roman" fontSize="7.0"/>
            </TextLine>
            <TextEquiv>
                <Unicode>Der Clara Praxthallerin / Wittwe / ihr K. Jo=
seph / bey denen 2. Schlüsseln im Liechtenth.
alt 5. J.</Unicode>
            </TextEquiv>
        </TextRegion>
        <TextRegion id="r_3_8" custom="readingOrder {index:16;} structure {type:list;}">
            <Coords points="787,1198 1482,1198 1482,1306 787,1306"/>
            <TextLine id="tl_73" primaryLanguage="German" custom="readingOrder {index:0;}">
                <Coords points="788,1230 793,1230 795,1232 796,1232 797,1233 805,1233 806,1232 808,1234 815,1234 817,1232 836,1232 838,1230 842,1230 844,1232 849,1232 851,1230 853,1230 855,1228 856,1228 860,1232 870,1232 872,1230 873,1230 875,1232 876,1232 877,1233 885,1233 896,1222 899,1222 917,1240 918,1240 919,1241 926,1241 927,1240 928,1240 937,1231 938,1231 940,1233 955,1233 957,1235 966,1235 969,1238 976,1238 978,1236 984,1236 991,1229 993,1229 997,1233 1001,1233 1013,1221 1023,1231 1036,1231 1037,1230 1038,1230 1039,1229 1041,1229 1043,1231 1049,1231 1051,1229 1053,1229 1055,1231 1062,1231 1063,1230 1064,1230 1071,1223 1078,1223 1086,1231 1091,1231 1096,1236 1102,1236 1109,1229 1113,1229 1114,1230 1119,1230 1120,1229 1124,1229 1126,1227 1127,1227 1129,1229 1135,1229 1141,1223 1151,1223 1161,1233 1165,1233 1167,1235 1168,1235 1170,1237 1178,1237 1180,1235 1181,1235 1183,1233 1184,1233 1190,1227 1195,1227 1199,1223 1204,1223 1209,1218 1212,1218 1224,1230 1232,1230 1233,1229 1241,1229 1242,1228 1244,1230 1245,1230 1247,1232 1253,1232 1255,1234 1260,1234 1261,1233 1262,1233 1265,1230 1266,1230 1267,1231 1275,1231 1276,1230 1278,1230 1286,1222 1288,1222 1296,1230 1298,1230 1299,1231 1307,1231 1312,1226 1316,1230 1323,1230 1325,1228 1327,1228 1329,1230 1338,1230 1339,1229 1340,1229 1345,1224 1346,1224 1347,1225 1348,1225 1350,1227 1353,1227 1359,1233 1363,1233 1365,1235 1367,1235 1368,1236 1380,1236 1385,1231 1389,1231 1390,1232 1397,1232 1398,1231 1404,1231 1408,1235 1415,1235 1421,1229 1422,1229 1424,1231 1430,1231 1431,1230 1438,1230 1439,1229 1440,1229 1443,1232 1448,1232 1449,1231 1457,1231 1459,1229 1460,1229 1462,1231 1463,1231 1464,1232 1470,1232 1471,1231 1480,1231 1481,1230 1486,1230 1486,1206 1479,1206 1478,1205 1460,1205 1459,1206 1457,1206 1456,1205 1440,1205 1439,1206 1438,1206 1436,1204 1426,1204 1424,1206 1415,1197 1403,1197 1397,1203 1391,1203 1385,1197 1379,1197 1378,1196 1377,1196 1376,1195 1371,1195 1370,1196 1360,1196 1350,1206 1348,1206 1347,1207 1346,1207 1342,1203 1330,1203 1328,1205 1327,1205 1326,1204 1324,1204 1323,1203 1318,1203 1316,1205 1311,1205 1304,1198 1298,1198 1297,1199 1295,1199 1289,1205 1279,1205 1273,1199 1264,1199 1258,1205 1231,1205 1230,1204 1223,1204 1222,1205 1211,1205 1206,1210 1205,1210 1204,1211 1200,1211 1186,1197 1180,1197 1178,1195 1164,1195 1145,1214 1132,1214 1123,1205 1120,1205 1119,1204 1112,1204 1111,1205 1096,1205 1087,1214 1075,1214 1063,1202 1058,1202 1057,1203 1056,1203 1052,1199 1050,1199 1049,1198 1042,1198 1037,1203 1028,1203 1025,1206 1014,1206 1010,1202 1005,1202 1004,1203 1003,1203 1000,1206 995,1206 987,1198 983,1198 982,1197 973,1197 964,1206 939,1206 932,1199 931,1199 930,1198 928,1198 927,1197 920,1197 914,1203 899,1203 898,1204 849,1204 847,1202 839,1202 838,1203 820,1203 816,1199 806,1199 805,1198 788,1198"/>
                <Baseline points="793,1230 1481,1230"/>
                <TextEquiv>
                    <Unicode>Andre Heeß / alt 41. J. und der Johann</Unicode>
                </TextEquiv>
            </TextLine>
            <TextLine id="tl_74" primaryLanguage="German" custom="readingOrder {index:1;}">
                <Coords points="783,1272 791,1272 793,1270 797,1270 799,1272 802,1272 803,1273 808,1273 814,1267 829,1267 833,1271 839,1271 840,1270 858,1270 859,1271 864,1271 868,1267 869,1267 872,1270 878,1270 879,1271 887,1271 888,1270 891,1270 892,1271 901,1271 902,1270 903,1271 910,1271 912,1269 913,1269 914,1268 915,1268 916,1267 920,1271 924,1271 928,1267 930,1267 932,1269 940,1269 941,1270 948,1270 951,1267 952,1267 956,1271 960,1271 961,1270 963,1270 966,1267 970,1267 972,1269 978,1269 979,1268 980,1268 981,1267 983,1267 985,1269 993,1269 998,1274 1010,1274 1012,1272 1014,1272 1018,1268 1025,1268 1026,1267 1034,1267 1035,1268 1039,1268 1040,1267 1041,1267 1044,1264 1055,1264 1059,1268 1064,1268 1075,1257 1088,1270 1099,1270 1100,1269 1101,1269 1103,1267 1106,1267 1108,1269 1114,1269 1116,1267 1119,1270 1125,1270 1138,1257 1148,1267 1151,1267 1154,1270 1159,1270 1163,1274 1171,1274 1180,1265 1185,1265 1187,1267 1193,1267 1195,1265 1197,1265 1206,1274 1213,1274 1214,1275 1229,1275 1235,1269 1242,1269 1245,1266 1248,1266 1254,1272 1258,1272 1264,1266 1267,1266 1272,1271 1275,1271 1276,1272 1282,1272 1285,1269 1291,1269 1294,1266 1296,1266 1299,1269 1307,1269 1312,1264 1313,1264 1316,1267 1326,1267 1329,1264 1333,1264 1338,1269 1345,1269 1346,1268 1347,1268 1351,1264 1352,1264 1357,1269 1364,1269 1370,1275 1377,1275 1391,1261 1392,1261 1400,1269 1401,1269 1402,1270 1407,1270 1408,1269 1409,1269 1412,1266 1413,1266 1417,1270 1422,1270 1423,1269 1438,1269 1439,1270 1444,1270 1445,1269 1449,1269 1451,1271 1453,1271 1455,1273 1462,1273 1464,1271 1468,1271 1469,1270 1479,1270 1481,1268 1486,1268 1486,1244 1480,1244 1478,1242 1470,1242 1469,1241 1464,1241 1463,1242 1452,1242 1450,1244 1449,1244 1448,1245 1447,1245 1445,1243 1443,1243 1442,1242 1427,1242 1425,1244 1416,1244 1415,1245 1413,1245 1406,1238 1399,1238 1388,1249 1381,1242 1374,1242 1373,1241 1366,1241 1365,1242 1356,1242 1347,1233 1340,1233 1338,1235 1336,1235 1328,1243 1327,1243 1326,1242 1325,1242 1324,1241 1319,1241 1317,1243 1311,1243 1304,1236 1297,1236 1292,1241 1286,1241 1284,1243 1280,1243 1278,1241 1272,1241 1270,1243 1267,1243 1258,1234 1252,1234 1251,1235 1249,1235 1241,1243 1237,1243 1230,1236 1224,1236 1222,1234 1220,1234 1219,1233 1211,1233 1209,1235 1208,1235 1199,1244 1185,1244 1183,1242 1181,1242 1180,1241 1176,1241 1175,1242 1170,1242 1161,1233 1154,1233 1152,1235 1150,1235 1149,1236 1148,1236 1140,1244 1130,1244 1125,1239 1119,1239 1118,1240 1116,1240 1113,1237 1106,1237 1099,1244 1098,1244 1097,1243 1092,1243 1091,1244 1072,1244 1071,1243 1065,1243 1054,1254 1042,1242 1030,1242 1029,1243 1027,1243 1026,1242 1021,1242 1020,1243 1017,1243 1015,1245 1014,1245 1012,1243 1011,1243 1010,1242 1005,1242 1004,1243 1001,1243 999,1245 997,1245 995,1243 984,1243 982,1245 968,1245 961,1238 960,1238 959,1237 953,1237 945,1245 931,1245 929,1247 927,1245 921,1245 920,1246 915,1246 909,1240 907,1240 906,1239 900,1239 898,1237 890,1237 885,1242 877,1242 875,1244 866,1235 865,1235 864,1234 848,1234 847,1235 834,1235 830,1239 829,1239 815,1253 808,1246 807,1246 803,1242 799,1242 798,1241 793,1241 792,1242 791,1242 789,1244 783,1244"/>
                <Baseline points="788,1266 1481,1266"/>
                <TextEquiv>
                    <Unicode>Waldenberger / alt 67. J. beede bey denen</Unicode>
                </TextEquiv>
            </TextLine>
            <TextLine id="tl_75" primaryLanguage="German" custom="readingOrder {index:2;} textStyle {offset:0; length:15;fontFamily:Antiqua;}">
                <Coords points="827,1306 841,1306 842,1305 844,1305 846,1303 850,1303 852,1305 861,1305 863,1303 868,1303 870,1305 879,1305 883,1301 885,1301 890,1306 930,1306 931,1307 937,1307 938,1306 957,1306 958,1305 973,1305 975,1303 977,1305 985,1305 986,1304 988,1304 989,1303 991,1303 992,1304 1002,1304 1003,1303 1005,1303 1008,1306 1013,1306 1016,1303 1020,1303 1021,1304 1035,1304 1036,1303 1037,1303 1040,1300 1045,1305 1062,1305 1063,1306 1076,1306 1076,1285 1070,1285 1056,1271 1052,1271 1043,1280 1029,1280 1027,1282 1024,1282 1022,1280 1011,1280 1010,1281 1009,1281 1007,1283 1006,1283 1003,1280 998,1280 997,1281 996,1281 987,1272 979,1272 971,1280 965,1280 962,1283 961,1283 960,1282 959,1282 950,1273 942,1273 939,1276 937,1276 934,1273 926,1273 924,1275 914,1275 913,1276 912,1276 908,1280 907,1280 903,1276 902,1276 901,1275 894,1275 893,1276 892,1276 882,1286 879,1286 870,1277 869,1277 868,1276 862,1276 861,1275 854,1275 851,1278 849,1276 827,1276"/>
                <Baseline points="832,1302 1071,1302"/>
                <TextEquiv>
                    <Unicode>FF. Misericord.</Unicode>
                </TextEquiv>
                <TextStyle fontFamily="Antiqua"/>
            </TextLine>
            <TextEquiv>
                <Unicode>Andre Heeß / alt 41. J. und der Johann
Waldenberger / alt 67. J. beede bey denen
FF. Misericord.</Unicode>
            </TextEquiv>
        </TextRegion>
        <TextRegion id="r_3_9" custom="readingOrder {index:17;} structure {type:list;}">
            <Coords points="794,1309 1486,1309 1486,1385 794,1385"/>
            <TextLine id="tl_76" primaryLanguage="German" custom="readingOrder {index:0;}">
                <Coords points="790,1346 813,1346 814,1345 819,1345 821,1343 824,1346 839,1346 840,1345 847,1345 848,1344 850,1344 851,1343 853,1343 855,1345 861,1345 865,1341 870,1346 876,1346 879,1343 886,1343 887,1344 894,1344 895,1343 898,1343 900,1341 910,1341 914,1345 931,1345 932,1344 933,1344 934,1343 942,1343 943,1344 951,1344 952,1343 953,1343 954,1344 970,1344 971,1343 973,1343 974,1344 989,1344 995,1338 997,1338 1007,1348 1011,1348 1012,1349 1022,1349 1023,1348 1025,1348 1031,1342 1037,1342 1039,1340 1042,1340 1044,1342 1059,1342 1060,1341 1068,1341 1069,1340 1070,1341 1076,1341 1077,1340 1080,1340 1084,1344 1091,1344 1093,1342 1108,1342 1110,1340 1114,1340 1116,1342 1122,1342 1124,1344 1130,1344 1134,1340 1150,1340 1154,1344 1160,1344 1161,1343 1172,1343 1175,1340 1183,1340 1185,1342 1197,1342 1198,1343 1204,1343 1205,1342 1209,1342 1210,1343 1220,1343 1221,1342 1231,1342 1235,1338 1238,1338 1245,1345 1252,1345 1253,1344 1263,1344 1264,1343 1279,1343 1280,1342 1282,1342 1288,1336 1297,1336 1302,1341 1304,1341 1305,1342 1317,1342 1318,1341 1325,1341 1331,1347 1338,1347 1343,1342 1344,1342 1345,1341 1379,1341 1380,1342 1388,1342 1389,1341 1390,1342 1397,1342 1398,1341 1401,1341 1404,1344 1414,1344 1415,1345 1421,1345 1422,1344 1450,1344 1451,1343 1452,1343 1454,1341 1457,1344 1471,1344 1472,1343 1479,1343 1480,1342 1481,1342 1485,1338 1490,1338 1490,1314 1484,1314 1483,1313 1478,1313 1474,1317 1470,1317 1469,1316 1461,1316 1460,1317 1455,1317 1453,1315 1427,1315 1422,1320 1421,1320 1416,1315 1402,1315 1400,1317 1399,1316 1395,1316 1387,1308 1381,1308 1380,1309 1378,1309 1377,1308 1370,1308 1369,1309 1367,1309 1362,1314 1355,1314 1350,1319 1349,1319 1346,1316 1345,1316 1344,1315 1339,1315 1332,1308 1327,1308 1326,1307 1325,1307 1324,1306 1305,1306 1289,1322 1288,1322 1282,1316 1281,1316 1280,1315 1274,1315 1272,1317 1271,1316 1258,1316 1253,1311 1252,1311 1251,1310 1245,1310 1233,1322 1232,1322 1219,1309 1218,1309 1217,1308 1185,1308 1175,1318 1171,1318 1163,1310 1154,1310 1146,1318 1142,1318 1138,1314 1132,1314 1131,1315 1126,1315 1122,1311 1114,1311 1110,1315 1101,1315 1098,1318 1084,1318 1081,1321 1077,1317 1062,1317 1060,1319 1059,1319 1058,1318 1057,1318 1056,1317 1054,1317 1053,1316 1048,1316 1043,1321 1040,1318 1034,1318 1027,1311 1024,1311 1022,1309 1020,1309 1019,1308 1007,1308 994,1321 991,1321 989,1319 988,1319 986,1317 979,1317 975,1321 972,1321 969,1318 954,1318 953,1319 939,1319 931,1311 922,1311 921,1310 913,1310 912,1311 910,1311 899,1322 897,1322 895,1320 894,1320 892,1318 887,1318 886,1319 883,1319 876,1312 870,1312 866,1316 854,1316 851,1319 839,1319 831,1311 829,1311 828,1310 798,1310 797,1311 790,1311"/>
                <Baseline points="795,1341 1485,1341"/>
                <TextEquiv>
                    <Unicode>Maria Anna Francoi / l. M. im Spalier=ma=</Unicode>
                </TextEquiv>
            </TextLine>
            <TextLine id="tl_77" primaryLanguage="German" custom="readingOrder {index:1;}">
                <Coords points="825,1383 841,1383 844,1386 853,1386 858,1381 875,1381 876,1382 882,1382 883,1381 884,1381 885,1380 886,1380 887,1379 889,1381 892,1381 898,1387 906,1387 913,1380 918,1380 919,1379 920,1379 924,1375 932,1375 943,1386 951,1386 956,1381 958,1381 961,1378 962,1378 963,1379 971,1379 976,1374 978,1374 982,1378 983,1378 985,1380 1009,1380 1010,1379 1026,1379 1027,1378 1028,1378 1036,1370 1037,1370 1045,1378 1049,1378 1050,1379 1062,1379 1063,1378 1064,1378 1065,1377 1072,1384 1079,1384 1084,1379 1088,1379 1090,1381 1098,1381 1100,1379 1112,1379 1113,1380 1129,1380 1130,1379 1131,1379 1133,1381 1141,1381 1147,1375 1153,1375 1157,1379 1166,1379 1167,1378 1168,1378 1172,1374 1176,1378 1184,1378 1185,1377 1187,1377 1188,1376 1189,1376 1191,1378 1198,1378 1206,1386 1207,1386 1208,1387 1214,1387 1215,1386 1217,1386 1218,1385 1219,1385 1220,1384 1222,1384 1226,1380 1231,1380 1241,1370 1243,1370 1251,1378 1269,1378 1270,1379 1278,1379 1279,1378 1290,1378 1293,1375 1295,1375 1304,1384 1311,1384 1312,1383 1313,1383 1315,1381 1316,1381 1322,1375 1323,1375 1324,1376 1333,1376 1334,1375 1335,1375 1339,1379 1350,1379 1354,1383 1358,1383 1360,1385 1373,1385 1374,1384 1377,1384 1385,1376 1390,1376 1391,1375 1396,1375 1396,1354 1391,1354 1381,1344 1371,1344 1370,1343 1361,1343 1360,1344 1358,1344 1344,1358 1342,1358 1337,1353 1336,1353 1335,1352 1334,1352 1333,1351 1325,1351 1324,1352 1305,1352 1299,1358 1297,1358 1289,1350 1284,1350 1278,1344 1272,1344 1263,1353 1241,1353 1240,1352 1233,1352 1232,1353 1171,1353 1166,1348 1157,1348 1151,1354 1149,1354 1143,1348 1135,1348 1133,1350 1132,1350 1128,1354 1118,1354 1116,1356 1115,1356 1111,1352 1103,1352 1100,1349 1092,1349 1087,1354 1077,1354 1070,1347 1066,1347 1064,1345 1061,1345 1060,1344 1054,1344 1053,1345 1045,1345 1043,1347 1042,1347 1034,1355 1028,1355 1027,1354 1026,1354 1025,1353 1005,1353 1003,1355 1002,1355 1000,1353 999,1353 997,1351 990,1351 986,1355 962,1355 955,1348 945,1348 944,1349 943,1349 930,1362 927,1362 912,1347 905,1347 904,1348 902,1348 896,1354 892,1354 890,1356 864,1356 862,1358 859,1358 850,1349 840,1349 833,1356 825,1356"/>
                <Baseline points="830,1377 1391,1377"/>
                <TextEquiv>
                    <Unicode>cheris. H. am Spital berg / alt 50. J.</Unicode>
                </TextEquiv>
                <TextStyle fontFamily="Times New Roman" fontSize="7.0"/>
            </TextLine>
            <TextEquiv>
                <Unicode>Maria Anna Francoi / l. M. im Spalier=ma=
cheris. H. am Spital berg / alt 50. J.</Unicode>
            </TextEquiv>
        </TextRegion>
        <TextRegion id="TextRegion_1502868076492_69" custom="readingOrder {index:18;} structure {type:list;}">
            <Coords points="1485,1450 792,1450 792,1383 1485,1383"/>
            <TextLine id="tl_78" primaryLanguage="German" custom="readingOrder {index:0;}">
                <Coords points="788,1418 793,1418 794,1419 800,1419 801,1418 820,1418 821,1419 828,1419 831,1416 833,1416 835,1418 862,1418 866,1422 873,1422 874,1421 875,1421 876,1420 877,1420 879,1418 882,1418 883,1419 890,1419 891,1418 892,1418 893,1417 899,1417 902,1414 903,1414 907,1418 909,1418 910,1419 921,1419 922,1418 923,1418 924,1419 933,1419 935,1417 946,1417 949,1420 950,1420 951,1421 956,1421 957,1420 958,1421 960,1419 963,1419 965,1417 978,1417 979,1416 980,1416 981,1415 982,1415 984,1413 985,1413 988,1416 995,1416 996,1415 1010,1415 1014,1419 1015,1419 1017,1421 1030,1421 1036,1415 1045,1415 1047,1413 1049,1413 1051,1415 1057,1415 1058,1414 1061,1414 1064,1411 1070,1417 1078,1417 1097,1398 1113,1414 1115,1414 1116,1415 1123,1415 1124,1414 1126,1416 1136,1416 1138,1414 1139,1414 1141,1416 1151,1416 1153,1414 1165,1414 1168,1417 1176,1417 1179,1414 1196,1414 1198,1416 1199,1416 1200,1417 1207,1417 1208,1416 1229,1416 1230,1417 1238,1417 1239,1416 1240,1416 1247,1423 1259,1423 1268,1414 1273,1419 1276,1419 1277,1420 1279,1420 1280,1421 1286,1421 1287,1420 1288,1420 1295,1413 1303,1413 1304,1412 1307,1412 1311,1416 1315,1416 1320,1411 1326,1411 1329,1408 1345,1408 1346,1409 1347,1409 1349,1411 1350,1411 1351,1412 1362,1412 1363,1411 1367,1411 1369,1413 1378,1413 1384,1419 1393,1419 1394,1418 1396,1418 1411,1403 1423,1415 1432,1415 1434,1413 1437,1413 1440,1416 1446,1416 1447,1415 1451,1415 1453,1417 1462,1417 1463,1418 1467,1418 1468,1417 1478,1417 1479,1416 1486,1416 1486,1389 1479,1389 1478,1388 1471,1388 1470,1389 1438,1389 1432,1383 1422,1383 1416,1389 1398,1389 1397,1388 1383,1388 1382,1389 1381,1388 1372,1388 1371,1389 1363,1389 1357,1383 1350,1383 1337,1396 1336,1396 1321,1381 1315,1381 1313,1383 1312,1383 1306,1389 1300,1389 1298,1391 1297,1391 1294,1394 1290,1390 1289,1390 1288,1389 1279,1389 1272,1396 1271,1396 1270,1395 1264,1395 1254,1385 1247,1385 1245,1387 1244,1387 1240,1391 1231,1391 1228,1394 1225,1391 1214,1391 1213,1390 1181,1390 1175,1384 1169,1384 1163,1390 1157,1390 1153,1386 1145,1386 1143,1388 1140,1388 1137,1385 1131,1385 1130,1384 1114,1384 1112,1386 1111,1386 1107,1390 1070,1390 1069,1391 1064,1391 1063,1390 1054,1390 1053,1391 1049,1391 1048,1390 1047,1390 1046,1389 1040,1389 1038,1391 1031,1391 1029,1389 1020,1389 1018,1391 1000,1391 999,1390 991,1390 990,1391 984,1391 976,1383 969,1383 963,1389 960,1389 958,1387 950,1387 948,1389 947,1389 944,1386 937,1386 935,1384 933,1384 932,1383 915,1383 914,1384 913,1384 895,1402 891,1402 874,1385 867,1385 863,1389 862,1389 861,1388 854,1388 849,1393 839,1393 831,1385 829,1385 828,1384 820,1384 819,1383 816,1383 815,1382 797,1382 795,1384 788,1384"/>
                <Baseline points="793,1411 1481,1411"/>
                <TextEquiv>
                    <Unicode>Math. Kitzberger / Steinmetz=ges. bey dem</Unicode>
                </TextEquiv>
            </TextLine>
            <TextLine id="tl_79" primaryLanguage="German" custom="readingOrder {index:1;}">
                <Coords points="827,1461 833,1461 834,1462 839,1462 840,1461 841,1461 842,1460 844,1460 845,1459 847,1459 851,1455 862,1455 864,1453 865,1453 866,1454 867,1454 868,1455 875,1455 876,1454 877,1455 883,1455 884,1454 885,1454 886,1453 887,1453 888,1454 889,1454 890,1455 896,1455 897,1454 906,1454 907,1453 923,1453 924,1454 932,1454 933,1453 944,1453 946,1455 954,1455 956,1453 958,1453 959,1454 968,1454 970,1452 971,1453 982,1453 983,1452 987,1452 988,1453 999,1453 1000,1452 1011,1452 1013,1454 1022,1454 1027,1459 1031,1459 1032,1458 1041,1458 1050,1449 1052,1449 1055,1452 1063,1452 1066,1455 1072,1455 1075,1452 1081,1452 1082,1453 1088,1453 1089,1452 1090,1452 1094,1456 1097,1456 1098,1457 1102,1457 1103,1456 1111,1456 1116,1451 1121,1451 1124,1454 1133,1454 1141,1446 1142,1446 1149,1453 1160,1453 1161,1452 1167,1452 1168,1451 1170,1451 1171,1452 1180,1452 1181,1451 1184,1451 1186,1453 1200,1453 1202,1451 1203,1452 1212,1452 1215,1449 1216,1449 1219,1452 1229,1452 1230,1453 1236,1453 1237,1452 1244,1452 1247,1449 1254,1449 1256,1447 1265,1456 1266,1456 1267,1457 1272,1457 1273,1456 1276,1456 1279,1453 1281,1453 1285,1449 1287,1449 1289,1451 1297,1451 1298,1450 1306,1450 1308,1452 1314,1452 1317,1455 1325,1455 1331,1449 1333,1449 1335,1447 1338,1447 1341,1450 1356,1450 1357,1449 1371,1449 1372,1450 1381,1450 1382,1449 1384,1449 1390,1455 1391,1455 1392,1456 1393,1456 1394,1457 1401,1457 1402,1456 1404,1456 1406,1454 1409,1454 1413,1458 1422,1458 1429,1451 1436,1451 1441,1456 1443,1456 1444,1457 1447,1457 1448,1458 1449,1458 1450,1459 1457,1459 1458,1458 1461,1458 1468,1451 1474,1451 1476,1449 1481,1449 1481,1426 1471,1426 1467,1422 1465,1422 1464,1421 1458,1421 1455,1418 1444,1418 1436,1426 1421,1426 1420,1425 1412,1425 1411,1426 1407,1426 1406,1425 1393,1425 1392,1426 1387,1426 1383,1422 1377,1422 1371,1416 1362,1416 1354,1424 1353,1423 1347,1423 1345,1425 1342,1425 1340,1423 1336,1423 1330,1417 1321,1417 1317,1421 1315,1421 1314,1420 1308,1420 1304,1416 1295,1416 1286,1425 1284,1425 1279,1420 1277,1420 1276,1419 1267,1419 1258,1428 1251,1428 1249,1430 1246,1430 1244,1428 1243,1428 1242,1427 1233,1427 1227,1421 1218,1421 1213,1426 1203,1426 1201,1428 1198,1428 1197,1427 1188,1427 1187,1428 1186,1428 1179,1421 1178,1421 1177,1420 1169,1420 1168,1419 1162,1419 1161,1420 1146,1420 1138,1428 1124,1428 1115,1419 1108,1419 1107,1418 1101,1418 1100,1419 1095,1419 1086,1428 1070,1428 1069,1427 1068,1427 1067,1426 1058,1426 1057,1427 1056,1427 1049,1434 1048,1434 1039,1425 1035,1425 1032,1422 1026,1422 1021,1427 1020,1427 1019,1426 1012,1426 1011,1427 1010,1426 1005,1426 1004,1427 1003,1427 1002,1428 997,1428 996,1427 989,1427 986,1430 985,1430 984,1429 980,1429 979,1428 976,1428 968,1420 962,1420 961,1419 960,1419 958,1421 957,1420 956,1421 951,1421 950,1420 946,1420 938,1428 893,1428 885,1420 876,1420 875,1421 874,1421 873,1422 872,1422 866,1428 827,1428"/>
                <Baseline points="832,1449 1476,1449"/>
                <TextEquiv>
                    <Unicode>grünen Krantz ausser Maria=Hülf / alt 39. J.</Unicode>
                </TextEquiv>
            </TextLine>
            <TextEquiv>
                <Unicode>Math. Kitzberger / Steinmetz=ges. bey dem
grünen Krantz ausser Maria=Hülf / alt 39. J.</Unicode>
            </TextEquiv>
        </TextRegion>
        <TextRegion id="TextRegion_1502868089151_78" custom="readingOrder {index:19;} structure {type:list;}">
            <Coords points="792,1450 1485,1450 1485,1498 1281,1533 831,1533 792,1498"/>
            <TextLine id="tl_80" primaryLanguage="German" custom="readingOrder {index:0;}">
                <Coords points="790,1500 811,1500 812,1499 814,1499 822,1491 825,1491 826,1492 832,1492 833,1491 837,1491 841,1495 849,1495 850,1494 852,1494 853,1493 854,1493 856,1491 866,1491 867,1490 868,1490 874,1484 875,1484 882,1491 883,1491 888,1496 895,1496 900,1491 901,1491 903,1489 905,1489 906,1488 909,1491 925,1491 927,1493 933,1493 934,1492 942,1492 943,1491 944,1491 945,1490 956,1490 957,1491 964,1491 979,1476 993,1490 995,1490 997,1492 1012,1492 1017,1487 1020,1490 1031,1490 1034,1493 1043,1493 1046,1490 1049,1490 1050,1491 1058,1491 1059,1490 1061,1492 1068,1492 1071,1489 1080,1489 1081,1488 1082,1488 1083,1487 1087,1491 1094,1491 1098,1487 1100,1489 1116,1489 1117,1488 1118,1488 1122,1484 1128,1484 1129,1483 1132,1483 1140,1491 1145,1491 1146,1490 1147,1490 1148,1489 1149,1489 1150,1490 1158,1490 1159,1489 1176,1489 1177,1488 1181,1488 1186,1483 1188,1483 1194,1489 1196,1489 1198,1491 1211,1491 1212,1490 1216,1490 1218,1488 1219,1488 1221,1486 1223,1486 1225,1488 1226,1488 1227,1489 1233,1489 1234,1488 1238,1488 1240,1490 1248,1490 1250,1488 1266,1488 1267,1487 1268,1487 1269,1486 1271,1486 1273,1488 1281,1488 1282,1487 1284,1487 1285,1486 1301,1486 1304,1489 1311,1489 1312,1488 1313,1488 1315,1486 1318,1486 1320,1488 1321,1488 1322,1489 1329,1489 1330,1488 1345,1488 1346,1489 1352,1489 1356,1485 1361,1485 1362,1484 1363,1484 1368,1489 1370,1489 1371,1490 1379,1490 1380,1489 1382,1489 1383,1488 1392,1488 1394,1486 1397,1489 1416,1489 1421,1494 1429,1494 1431,1492 1434,1492 1435,1491 1436,1491 1438,1489 1441,1489 1442,1490 1448,1490 1449,1489 1453,1489 1455,1491 1459,1491 1463,1495 1464,1495 1465,1496 1470,1496 1475,1491 1482,1491 1484,1489 1489,1489 1489,1458 1483,1458 1480,1455 1479,1455 1478,1454 1467,1454 1465,1456 1464,1456 1459,1461 1452,1461 1449,1458 1448,1458 1447,1457 1440,1457 1438,1455 1436,1455 1435,1454 1426,1454 1417,1463 1410,1463 1408,1465 1406,1465 1404,1463 1400,1463 1393,1456 1392,1456 1391,1455 1389,1455 1388,1454 1383,1454 1382,1453 1370,1453 1369,1454 1367,1454 1361,1460 1357,1460 1354,1463 1352,1463 1350,1461 1335,1461 1333,1463 1330,1463 1328,1461 1324,1461 1323,1462 1322,1462 1319,1465 1317,1463 1316,1463 1310,1457 1309,1457 1308,1456 1302,1456 1291,1467 1280,1456 1273,1456 1272,1457 1270,1457 1264,1463 1256,1463 1252,1467 1251,1467 1242,1458 1232,1458 1227,1463 1226,1463 1222,1459 1221,1459 1220,1458 1216,1458 1215,1457 1214,1457 1213,1456 1212,1456 1211,1455 1199,1455 1197,1457 1195,1457 1184,1468 1179,1468 1174,1463 1168,1463 1167,1464 1157,1464 1155,1466 1153,1466 1146,1459 1138,1459 1129,1468 1120,1468 1116,1464 1115,1464 1114,1463 1108,1463 1107,1464 1105,1464 1097,1456 1091,1456 1090,1457 1088,1457 1086,1459 1085,1459 1082,1462 1081,1462 1075,1456 1065,1456 1064,1457 1063,1457 1061,1459 1060,1459 1058,1457 1052,1457 1047,1462 1044,1462 1040,1458 1032,1458 1031,1459 1028,1459 1023,1464 1019,1464 1013,1458 1011,1458 1010,1457 1009,1457 1008,1456 1000,1456 999,1457 992,1457 983,1466 973,1466 972,1465 966,1465 965,1466 953,1466 952,1465 944,1465 943,1466 941,1466 940,1465 930,1465 928,1467 923,1467 922,1466 920,1466 919,1465 909,1465 903,1459 892,1459 891,1458 882,1458 873,1467 858,1467 850,1459 845,1459 844,1460 842,1460 841,1461 840,1461 834,1467 833,1467 832,1466 826,1466 818,1458 809,1458 808,1457 790,1457"/>
                <Baseline points="795,1488 1484,1488"/>
                <TextEquiv>
                    <Unicode>Joh. Paar / Schif=kn. im Schab=den=Rießlis.</Unicode>
                </TextEquiv>
                <TextStyle fontFamily="Times New Roman" fontSize="7.0"/>
            </TextLine>
            <TextLine id="tl_81" primaryLanguage="German" custom="readingOrder {index:1;}">
                <Coords points="827,1525 832,1525 841,1534 850,1534 851,1533 852,1533 860,1525 862,1525 863,1526 870,1526 873,1523 879,1529 885,1529 887,1527 908,1527 909,1526 910,1526 915,1521 916,1521 920,1525 921,1525 922,1526 923,1526 925,1528 930,1528 935,1523 936,1523 941,1528 948,1528 951,1525 952,1525 953,1526 954,1526 955,1527 963,1527 969,1521 971,1521 978,1528 991,1528 994,1525 1000,1525 1001,1524 1002,1524 1003,1523 1004,1523 1007,1526 1008,1526 1009,1527 1016,1527 1017,1526 1019,1526 1020,1525 1025,1530 1033,1530 1039,1524 1040,1524 1041,1523 1042,1523 1044,1525 1045,1525 1047,1527 1057,1527 1059,1525 1060,1525 1062,1523 1066,1527 1071,1527 1073,1525 1076,1525 1077,1526 1085,1526 1086,1525 1087,1525 1092,1530 1097,1530 1098,1529 1099,1529 1102,1526 1109,1526 1111,1524 1117,1524 1118,1523 1120,1523 1123,1520 1128,1520 1134,1526 1135,1526 1136,1527 1147,1527 1148,1526 1151,1526 1153,1528 1159,1528 1161,1526 1164,1526 1165,1527 1171,1527 1172,1526 1174,1526 1176,1524 1177,1524 1186,1533 1194,1533 1195,1532 1197,1532 1198,1531 1199,1531 1205,1525 1208,1525 1209,1526 1216,1526 1217,1525 1218,1525 1219,1524 1221,1524 1222,1523 1224,1523 1225,1524 1230,1524 1231,1523 1233,1523 1235,1521 1236,1521 1244,1529 1247,1529 1248,1530 1249,1530 1251,1532 1261,1532 1262,1531 1263,1531 1264,1530 1266,1530 1267,1529 1268,1529 1271,1526 1278,1526 1280,1524 1285,1524 1285,1501 1280,1501 1271,1492 1261,1492 1260,1491 1257,1491 1256,1490 1250,1490 1236,1504 1234,1504 1223,1493 1213,1493 1211,1495 1210,1495 1203,1502 1201,1502 1199,1500 1190,1500 1189,1501 1187,1501 1183,1505 1174,1496 1168,1496 1164,1500 1163,1500 1160,1497 1158,1497 1157,1496 1151,1496 1146,1501 1137,1501 1129,1509 1126,1509 1110,1493 1108,1493 1107,1492 1101,1492 1100,1493 1097,1493 1095,1495 1094,1495 1090,1499 1088,1499 1084,1495 1083,1495 1080,1492 1074,1492 1071,1495 1064,1495 1060,1499 1053,1499 1051,1501 1047,1501 1045,1503 1044,1503 1040,1499 1026,1499 1024,1501 999,1501 992,1494 991,1494 990,1493 988,1493 987,1492 978,1492 969,1501 932,1501 928,1497 921,1497 914,1504 911,1504 910,1503 909,1503 907,1501 900,1501 899,1502 894,1502 888,1496 882,1496 870,1508 868,1508 853,1493 852,1494 850,1494 849,1495 841,1495 832,1504 827,1504"/>
                <Baseline points="832,1524 1280,1524"/>
                <TextEquiv>
                    <Unicode>H. in der Leopoldst. alt 36. J.</Unicode>
                </TextEquiv>
                <TextStyle fontFamily="Times New Roman" fontSize="7.0"/>
            </TextLine>
            <TextEquiv>
                <Unicode>Joh. Paar / Schif=kn. im Schab=den=Rießlis.
H. in der Leopoldst. alt 36. J.</Unicode>
            </TextEquiv>
        </TextRegion>
        <TextRegion id="r_3_12" custom="readingOrder {index:20;} structure {type:list;}">
            <Coords points="793,1528 1482,1528 1482,1643 793,1643"/>
            <TextLine id="tl_82" primaryLanguage="German" custom="readingOrder {index:0;}">
                <Coords points="789,1567 799,1567 800,1566 802,1566 803,1567 804,1567 805,1568 819,1568 820,1567 821,1567 826,1562 828,1562 830,1564 831,1564 832,1565 836,1565 837,1564 838,1564 840,1562 841,1562 843,1564 844,1564 845,1565 851,1565 861,1555 870,1564 874,1564 875,1565 883,1565 884,1564 888,1564 889,1563 890,1563 893,1560 897,1564 914,1564 916,1566 917,1566 918,1567 923,1567 928,1562 929,1562 931,1564 944,1564 945,1563 946,1563 947,1562 949,1564 956,1564 957,1565 962,1565 963,1564 967,1564 968,1565 976,1565 977,1564 984,1564 985,1563 986,1563 987,1562 990,1562 992,1564 1004,1564 1005,1563 1006,1563 1011,1558 1013,1558 1017,1562 1018,1562 1020,1564 1024,1564 1025,1565 1032,1565 1033,1564 1037,1564 1042,1569 1051,1569 1052,1568 1053,1568 1057,1564 1059,1564 1060,1565 1066,1565 1068,1563 1069,1563 1070,1562 1072,1564 1089,1564 1091,1562 1093,1562 1095,1564 1103,1564 1104,1563 1105,1563 1106,1562 1110,1562 1111,1563 1117,1563 1119,1561 1120,1561 1121,1560 1122,1560 1125,1563 1132,1563 1133,1562 1135,1562 1137,1564 1148,1564 1153,1569 1157,1569 1164,1562 1171,1562 1174,1559 1175,1560 1181,1560 1183,1562 1186,1562 1191,1567 1196,1567 1197,1566 1198,1566 1213,1551 1223,1561 1224,1561 1225,1562 1238,1562 1239,1561 1241,1561 1242,1562 1249,1562 1250,1561 1255,1561 1256,1562 1262,1562 1263,1561 1265,1563 1270,1563 1271,1562 1278,1562 1279,1561 1281,1561 1283,1559 1286,1562 1291,1562 1292,1561 1293,1561 1294,1560 1295,1560 1296,1559 1297,1559 1300,1556 1301,1556 1307,1562 1312,1562 1313,1561 1336,1561 1337,1560 1339,1560 1341,1558 1342,1558 1345,1561 1346,1561 1347,1562 1352,1562 1353,1561 1354,1561 1355,1560 1356,1561 1364,1561 1365,1560 1366,1560 1368,1562 1381,1562 1382,1563 1388,1563 1389,1562 1390,1563 1401,1563 1402,1562 1406,1562 1408,1564 1425,1564 1429,1560 1433,1564 1441,1564 1443,1562 1448,1567 1451,1567 1452,1568 1456,1568 1457,1567 1458,1567 1461,1564 1464,1564 1466,1566 1473,1566 1474,1565 1475,1565 1478,1562 1483,1562 1483,1538 1465,1538 1457,1530 1449,1530 1447,1532 1443,1532 1442,1531 1436,1531 1429,1538 1428,1538 1424,1542 1418,1536 1412,1536 1408,1540 1404,1536 1397,1536 1396,1535 1389,1535 1388,1536 1384,1536 1378,1530 1372,1530 1370,1532 1368,1532 1367,1531 1362,1531 1361,1532 1359,1532 1354,1527 1349,1527 1348,1528 1343,1528 1341,1526 1326,1526 1322,1522 1320,1522 1319,1521 1314,1521 1308,1527 1306,1527 1298,1535 1288,1535 1286,1537 1279,1537 1278,1536 1272,1536 1271,1537 1270,1536 1263,1536 1262,1537 1236,1537 1235,1536 1230,1536 1229,1537 1205,1537 1204,1538 1181,1538 1180,1537 1175,1537 1169,1531 1165,1531 1160,1536 1158,1536 1154,1532 1145,1532 1139,1538 1138,1538 1131,1531 1125,1531 1118,1538 1068,1538 1067,1539 1065,1539 1064,1538 1059,1538 1057,1540 1049,1532 1040,1532 1038,1530 1037,1530 1036,1529 1034,1529 1033,1530 1017,1530 1015,1532 1014,1532 1006,1540 1005,1539 1004,1539 1003,1538 1002,1538 1001,1537 996,1537 995,1538 993,1538 989,1542 987,1542 983,1538 975,1538 974,1537 968,1537 967,1538 955,1538 954,1537 949,1537 946,1540 945,1540 944,1539 943,1539 942,1538 940,1538 931,1529 922,1529 921,1530 920,1530 912,1538 901,1538 895,1532 891,1532 890,1531 889,1531 888,1530 883,1530 882,1529 869,1529 868,1530 867,1530 859,1538 825,1538 823,1536 822,1536 820,1534 819,1534 816,1531 798,1531 797,1532 789,1532"/>
                <Baseline points="794,1561 1478,1561"/>
                <TextEquiv>
                    <Unicode>Der Susanna Ehrnreichin / arme Wittwe /ihr</Unicode>
                </TextEquiv>
                <TextStyle fontFamily="Times New Roman" fontSize="7.0"/>
            </TextLine>
            <TextLine id="tl_83" primaryLanguage="German" custom="readingOrder {index:1;}">
                <Coords points="824,1603 833,1603 834,1604 840,1604 842,1602 843,1602 844,1601 857,1601 858,1602 865,1602 871,1596 885,1596 890,1601 891,1601 892,1602 899,1602 900,1601 922,1601 925,1598 928,1601 947,1601 948,1602 953,1602 954,1601 955,1601 962,1608 963,1608 964,1609 969,1609 977,1601 986,1601 991,1596 999,1596 1004,1601 1021,1601 1022,1602 1027,1602 1028,1601 1030,1601 1038,1609 1044,1609 1045,1608 1047,1608 1059,1596 1069,1596 1074,1601 1083,1601 1086,1598 1089,1598 1092,1601 1099,1601 1100,1600 1101,1600 1102,1599 1103,1599 1105,1601 1114,1601 1115,1602 1121,1602 1122,1601 1123,1601 1124,1602 1131,1602 1139,1594 1144,1594 1157,1607 1161,1607 1162,1606 1163,1606 1168,1601 1175,1601 1180,1606 1188,1606 1195,1599 1197,1601 1209,1601 1210,1602 1215,1602 1216,1601 1217,1601 1220,1598 1221,1598 1224,1601 1237,1601 1238,1600 1240,1600 1242,1598 1243,1598 1245,1600 1256,1600 1263,1607 1274,1607 1282,1599 1288,1599 1289,1598 1292,1598 1294,1600 1300,1600 1301,1599 1309,1599 1323,1585 1333,1595 1334,1595 1338,1599 1347,1599 1348,1598 1350,1600 1356,1600 1359,1597 1360,1597 1362,1599 1363,1599 1364,1600 1369,1600 1370,1599 1373,1599 1375,1597 1376,1597 1381,1602 1397,1602 1398,1601 1399,1601 1401,1599 1402,1599 1404,1601 1412,1601 1416,1597 1431,1597 1436,1602 1444,1602 1445,1603 1450,1603 1451,1602 1454,1602 1456,1604 1461,1604 1462,1603 1480,1603 1481,1602 1486,1602 1486,1577 1480,1577 1479,1576 1472,1576 1471,1577 1470,1577 1469,1576 1461,1576 1460,1577 1450,1577 1449,1576 1441,1576 1438,1579 1437,1579 1429,1587 1428,1587 1415,1574 1411,1574 1410,1575 1402,1575 1400,1577 1397,1577 1396,1576 1395,1576 1386,1567 1379,1567 1376,1570 1373,1570 1370,1567 1363,1567 1362,1568 1359,1568 1357,1566 1348,1566 1347,1565 1346,1565 1345,1564 1336,1564 1325,1575 1311,1575 1309,1573 1307,1573 1306,1572 1302,1572 1301,1573 1300,1573 1299,1572 1293,1572 1292,1573 1290,1573 1288,1575 1276,1575 1274,1573 1270,1573 1267,1570 1263,1570 1258,1575 1257,1575 1256,1574 1250,1574 1249,1573 1245,1573 1243,1575 1238,1575 1237,1574 1235,1574 1234,1573 1226,1573 1224,1575 1221,1575 1220,1574 1213,1574 1211,1576 1209,1574 1204,1574 1203,1573 1196,1573 1185,1562 1179,1562 1170,1571 1168,1569 1167,1569 1166,1568 1160,1568 1152,1576 1131,1576 1129,1574 1105,1574 1103,1576 1093,1576 1091,1578 1090,1578 1089,1579 1086,1576 1085,1576 1079,1570 1077,1570 1076,1569 1072,1569 1058,1583 1057,1583 1049,1575 1045,1575 1044,1576 1033,1576 1032,1575 1031,1575 1030,1574 1024,1574 1022,1576 1020,1576 1012,1568 1006,1568 1005,1569 1004,1569 992,1581 991,1581 982,1572 978,1572 977,1573 976,1573 970,1567 962,1567 960,1569 958,1569 956,1571 949,1571 946,1574 945,1574 941,1578 938,1575 929,1575 921,1567 918,1567 917,1566 913,1566 912,1567 909,1567 908,1566 900,1566 899,1567 890,1567 871,1586 852,1567 837,1567 835,1569 833,1569 829,1573 824,1573"/>
                <Baseline points="829,1598 1481,1598"/>
                <TextEquiv>
                    <Unicode>K. Math. bey dem schwartzen Adler am</Unicode>
                </TextEquiv>
            </TextLine>
            <TextLine id="tl_84" primaryLanguage="German" custom="readingOrder {index:2;}">
                <Coords points="824,1637 829,1637 832,1640 844,1640 845,1639 847,1639 848,1638 849,1638 850,1637 853,1640 860,1640 862,1638 873,1638 874,1637 876,1637 877,1638 885,1638 886,1637 888,1637 889,1638 895,1638 897,1640 904,1640 907,1637 914,1637 915,1636 919,1636 920,1637 925,1637 926,1636 928,1638 933,1638 935,1636 937,1636 939,1638 941,1638 942,1639 947,1639 948,1638 949,1638 953,1634 954,1634 960,1628 965,1628 976,1639 1000,1639 1001,1638 1002,1638 1003,1637 1004,1638 1006,1638 1007,1639 1013,1639 1014,1638 1016,1638 1022,1632 1023,1632 1034,1643 1035,1643 1036,1644 1044,1644 1045,1643 1046,1643 1047,1642 1049,1642 1055,1636 1061,1636 1062,1635 1063,1635 1064,1636 1071,1636 1077,1642 1083,1642 1085,1644 1087,1644 1088,1645 1096,1645 1097,1644 1099,1644 1106,1637 1120,1637 1120,1616 1114,1616 1103,1605 1097,1605 1096,1604 1094,1604 1093,1603 1081,1603 1066,1618 1063,1618 1059,1614 1054,1614 1050,1610 1035,1610 1031,1614 1021,1614 1014,1607 1009,1607 1008,1608 1005,1608 1003,1606 993,1606 986,1613 980,1613 972,1621 966,1621 959,1614 952,1614 948,1610 944,1610 939,1605 932,1605 931,1606 930,1606 924,1612 922,1612 914,1604 913,1604 912,1603 903,1603 902,1604 901,1604 893,1612 887,1612 886,1613 885,1613 882,1610 878,1610 875,1613 874,1612 872,1612 871,1611 866,1611 864,1613 857,1606 852,1606 851,1605 848,1605 847,1606 824,1606"/>
                <Baseline points="829,1637 1115,1637"/>
                <TextEquiv>
                    <Unicode>Neustift/ alt 3. J.</Unicode>
                </TextEquiv>
                <TextStyle fontFamily="Times New Roman" fontSize="7.0"/>
            </TextLine>
            <TextEquiv>
                <Unicode>Der Susanna Ehrnreichin / arme Wittwe /ihr
K. Math. bey dem schwartzen Adler am
Neustift/ alt 3. J.</Unicode>
            </TextEquiv>
        </TextRegion>
        <TextRegion id="TextRegion_1502868102085_80" custom="readingOrder {index:21;} structure {type:list;}">
            <Coords points="1485,1717 792,1717 792,1640 1485,1640"/>
            <TextLine id="tl_85" primaryLanguage="German" custom="readingOrder {index:0;}">
                <Coords points="791,1680 800,1680 802,1682 803,1682 804,1683 812,1683 813,1682 814,1682 815,1681 816,1681 817,1680 818,1680 823,1675 831,1675 832,1674 839,1674 840,1673 841,1673 843,1675 852,1675 854,1673 858,1673 860,1675 867,1675 868,1674 869,1674 871,1672 872,1672 873,1671 874,1671 878,1675 886,1675 887,1674 888,1674 896,1666 900,1670 902,1670 905,1673 906,1673 908,1675 910,1675 911,1676 920,1676 921,1675 923,1675 925,1673 926,1674 933,1674 935,1676 942,1676 943,1675 944,1675 945,1676 953,1676 954,1675 968,1675 969,1674 975,1674 978,1671 988,1671 990,1673 993,1673 995,1675 998,1675 1000,1677 1010,1677 1011,1676 1013,1676 1014,1675 1015,1675 1017,1673 1019,1675 1029,1675 1035,1681 1042,1681 1043,1680 1050,1680 1055,1675 1056,1676 1063,1676 1064,1675 1066,1675 1067,1676 1076,1676 1079,1673 1081,1673 1084,1676 1094,1676 1096,1674 1097,1674 1099,1676 1107,1676 1110,1673 1111,1673 1113,1675 1122,1675 1124,1673 1127,1673 1128,1674 1133,1674 1134,1673 1135,1673 1137,1671 1140,1671 1142,1673 1143,1673 1144,1674 1145,1674 1146,1675 1153,1675 1154,1674 1155,1674 1160,1669 1164,1673 1173,1673 1180,1680 1184,1680 1185,1679 1186,1679 1187,1678 1188,1678 1193,1673 1195,1673 1196,1674 1211,1674 1212,1673 1223,1673 1224,1672 1226,1672 1230,1676 1231,1676 1234,1679 1246,1679 1253,1672 1267,1672 1269,1674 1276,1674 1277,1673 1278,1673 1279,1672 1290,1672 1293,1669 1295,1669 1299,1673 1307,1673 1310,1670 1312,1672 1320,1672 1321,1673 1329,1673 1330,1672 1345,1672 1347,1674 1364,1674 1366,1672 1367,1672 1372,1667 1373,1667 1380,1674 1383,1674 1385,1676 1395,1676 1396,1675 1397,1675 1398,1674 1400,1674 1401,1673 1403,1673 1404,1672 1408,1676 1413,1676 1420,1683 1430,1683 1435,1688 1440,1688 1452,1676 1456,1676 1463,1683 1468,1683 1473,1678 1478,1678 1482,1674 1487,1674 1487,1646 1482,1646 1477,1641 1465,1641 1464,1640 1463,1640 1462,1639 1461,1639 1460,1638 1451,1638 1449,1640 1448,1640 1446,1642 1435,1642 1433,1644 1432,1644 1428,1640 1418,1640 1416,1642 1414,1642 1410,1646 1409,1646 1405,1642 1401,1642 1400,1641 1398,1641 1396,1639 1382,1639 1381,1640 1376,1640 1368,1648 1364,1648 1363,1647 1354,1647 1353,1646 1343,1646 1342,1645 1337,1645 1336,1646 1329,1646 1328,1645 1321,1645 1320,1646 1294,1646 1288,1640 1268,1640 1262,1646 1246,1646 1245,1645 1239,1645 1238,1646 1197,1646 1195,1648 1192,1648 1191,1647 1186,1647 1185,1648 1184,1648 1183,1647 1177,1647 1176,1648 1165,1648 1163,1650 1162,1650 1153,1641 1147,1641 1146,1642 1143,1642 1135,1650 1134,1650 1125,1641 1117,1641 1116,1642 1114,1642 1106,1650 1079,1650 1078,1649 1072,1649 1071,1650 1069,1648 1054,1648 1050,1652 1048,1652 1047,1651 1042,1651 1041,1652 1038,1652 1035,1655 1032,1652 1030,1652 1029,1651 1023,1651 1015,1643 1012,1643 1011,1642 1010,1642 1009,1641 992,1641 983,1650 976,1650 968,1642 959,1642 953,1648 934,1648 933,1649 923,1639 906,1639 904,1641 903,1641 899,1645 898,1645 896,1647 890,1647 884,1641 877,1641 875,1643 874,1643 870,1647 825,1647 822,1644 817,1644 814,1641 811,1641 810,1640 801,1640 800,1641 791,1641"/>
                <Baseline points="796,1672 1482,1672"/>
                <TextEquiv>
                    <Unicode>Jacob Carl / Tagwerk. beym goldenen Schlös=</Unicode>
                </TextEquiv>
            </TextLine>
            <TextLine id="tl_86" primaryLanguage="German" custom="readingOrder {index:1;}">
                <Coords points="825,1716 832,1716 833,1717 836,1717 843,1710 844,1711 847,1711 848,1710 850,1710 851,1709 853,1709 854,1710 863,1710 864,1709 865,1709 869,1705 871,1705 878,1712 881,1712 882,1713 888,1713 892,1709 893,1709 896,1712 907,1712 908,1711 909,1711 910,1710 911,1710 912,1709 913,1710 914,1710 915,1711 923,1711 929,1705 936,1712 948,1712 950,1710 951,1710 952,1709 955,1712 956,1712 957,1713 963,1713 964,1712 965,1712 967,1714 993,1714 1000,1707 1003,1707 1005,1709 1006,1709 1009,1712 1012,1712 1014,1714 1024,1714 1026,1712 1030,1712 1033,1709 1038,1714 1045,1714 1050,1719 1060,1719 1066,1713 1081,1713 1082,1714 1091,1714 1092,1713 1102,1713 1104,1711 1105,1711 1107,1713 1118,1713 1119,1712 1128,1712 1129,1711 1138,1711 1140,1713 1146,1713 1150,1709 1154,1709 1156,1711 1160,1711 1161,1712 1170,1712 1171,1711 1177,1711 1178,1712 1186,1712 1187,1711 1192,1711 1194,1709 1199,1709 1201,1711 1208,1711 1210,1709 1222,1709 1225,1712 1232,1712 1239,1705 1244,1705 1248,1709 1254,1709 1255,1710 1264,1710 1265,1709 1268,1709 1269,1710 1275,1710 1277,1708 1278,1709 1286,1709 1292,1703 1294,1703 1301,1710 1313,1710 1318,1715 1327,1715 1336,1706 1344,1706 1352,1714 1356,1714 1357,1715 1358,1715 1360,1717 1370,1717 1371,1716 1372,1716 1373,1715 1375,1715 1381,1709 1386,1709 1386,1677 1381,1677 1380,1676 1372,1676 1371,1675 1370,1675 1369,1674 1360,1674 1359,1675 1357,1675 1347,1685 1338,1685 1336,1683 1324,1683 1318,1677 1308,1677 1307,1678 1305,1678 1303,1680 1302,1680 1297,1685 1293,1685 1288,1680 1281,1680 1278,1677 1270,1677 1269,1678 1267,1678 1262,1683 1254,1683 1252,1685 1250,1685 1247,1688 1242,1683 1241,1683 1240,1682 1234,1682 1231,1685 1229,1685 1227,1683 1203,1683 1201,1685 1195,1685 1189,1679 1185,1679 1184,1680 1177,1680 1176,1679 1174,1679 1173,1678 1172,1678 1171,1677 1162,1677 1161,1678 1152,1678 1143,1687 1140,1687 1139,1686 1138,1686 1137,1685 1122,1685 1120,1687 1107,1687 1104,1684 1096,1684 1095,1685 1093,1683 1085,1683 1081,1687 1068,1687 1066,1689 1057,1680 1046,1680 1045,1681 1044,1681 1041,1684 1039,1684 1036,1681 1035,1681 1034,1680 1031,1680 1030,1679 1028,1679 1027,1678 1025,1678 1024,1677 1015,1677 1014,1678 1007,1678 998,1687 994,1687 993,1686 977,1686 976,1687 975,1687 974,1686 968,1686 966,1684 959,1684 956,1687 953,1687 945,1679 936,1679 928,1687 927,1687 926,1686 914,1686 913,1687 910,1687 909,1686 897,1686 896,1687 893,1687 892,1686 891,1686 890,1685 886,1685 884,1683 878,1683 877,1684 875,1684 872,1687 871,1687 863,1679 856,1679 851,1684 846,1679 845,1679 844,1678 838,1678 837,1679 833,1679 830,1682 825,1682"/>
                <Baseline points="830,1707 1381,1707"/>
                <TextEquiv>
                    <Unicode>sel vor dem Schotten=Thor / alt 67. J.</Unicode>
                </TextEquiv>
                <TextStyle fontFamily="Times New Roman" fontSize="7.0"/>
            </TextLine>
            <TextEquiv>
                <Unicode>Jacob Carl / Tagwerk. beym goldenen Schlös=
sel vor dem Schotten=Thor / alt 67. J.</Unicode>
            </TextEquiv>
        </TextRegion>
        <TextRegion id="TextRegion_1502868108516_90" custom="readingOrder {index:22;} structure {type:list;}">
            <Coords points="1485,1792 792,1792 792,1717 1485,1717"/>
            <TextLine id="tl_87" primaryLanguage="English" custom="readingOrder {index:0;}">
                <Coords points="790,1745 797,1745 800,1748 802,1748 803,1749 818,1749 819,1748 821,1748 823,1750 841,1750 843,1752 849,1752 853,1748 873,1748 874,1749 881,1749 883,1747 884,1747 886,1745 889,1745 893,1749 902,1749 903,1748 916,1748 920,1752 924,1752 925,1753 931,1753 933,1751 936,1751 937,1750 938,1750 941,1747 942,1747 944,1749 946,1749 948,1751 955,1751 957,1749 962,1749 963,1750 971,1750 972,1749 975,1749 977,1751 1001,1751 1003,1749 1006,1752 1012,1752 1013,1751 1035,1751 1036,1750 1043,1750 1046,1747 1060,1747 1063,1750 1071,1750 1072,1749 1079,1749 1080,1748 1082,1750 1089,1750 1090,1749 1092,1749 1093,1748 1095,1748 1097,1750 1113,1750 1114,1749 1123,1749 1124,1748 1135,1748 1137,1746 1145,1746 1147,1748 1160,1748 1161,1747 1162,1747 1163,1746 1165,1746 1166,1747 1177,1747 1178,1746 1181,1746 1182,1747 1203,1747 1205,1745 1213,1745 1214,1744 1215,1744 1217,1746 1220,1746 1221,1747 1227,1747 1228,1746 1240,1746 1241,1745 1242,1745 1243,1744 1246,1744 1248,1746 1258,1746 1259,1747 1265,1747 1266,1746 1267,1746 1277,1736 1288,1747 1295,1747 1296,1746 1300,1746 1301,1745 1302,1745 1303,1744 1306,1744 1309,1747 1315,1747 1316,1746 1318,1746 1320,1748 1324,1748 1325,1749 1334,1749 1338,1745 1343,1745 1344,1744 1347,1744 1349,1746 1360,1746 1362,1744 1364,1744 1366,1746 1369,1746 1370,1747 1379,1747 1380,1746 1383,1749 1410,1749 1417,1756 1419,1756 1420,1757 1428,1757 1429,1756 1431,1756 1432,1755 1433,1755 1435,1753 1436,1753 1438,1751 1444,1751 1445,1750 1446,1750 1447,1749 1451,1749 1453,1751 1461,1751 1462,1752 1468,1752 1471,1749 1472,1749 1473,1750 1476,1750 1477,1749 1478,1749 1479,1748 1480,1748 1484,1744 1489,1744 1489,1721 1484,1721 1482,1719 1474,1719 1470,1715 1467,1715 1466,1714 1460,1714 1459,1715 1457,1715 1448,1724 1444,1724 1443,1723 1437,1723 1436,1724 1434,1724 1432,1722 1421,1722 1417,1726 1413,1726 1409,1722 1407,1722 1406,1721 1381,1721 1379,1719 1373,1719 1371,1721 1362,1721 1355,1714 1349,1714 1343,1720 1306,1720 1300,1714 1289,1714 1283,1720 1277,1720 1276,1719 1268,1719 1267,1720 1218,1720 1216,1718 1209,1718 1208,1719 1207,1719 1206,1720 1203,1720 1202,1719 1195,1719 1192,1716 1185,1716 1183,1718 1182,1718 1180,1716 1179,1716 1177,1714 1160,1714 1159,1715 1156,1715 1155,1714 1147,1714 1146,1715 1145,1715 1138,1722 1076,1722 1075,1723 1068,1723 1067,1724 1064,1724 1059,1729 1056,1729 1051,1724 1044,1724 1041,1727 1039,1727 1037,1725 1036,1725 1034,1723 1033,1723 1029,1719 1024,1719 1023,1720 1022,1720 1020,1722 1014,1716 1008,1716 1002,1722 985,1722 983,1724 974,1724 973,1723 967,1723 959,1715 955,1715 954,1714 946,1714 945,1715 944,1715 939,1720 937,1720 932,1715 930,1715 929,1714 922,1714 920,1716 906,1716 902,1720 897,1720 892,1725 891,1725 881,1715 873,1715 872,1716 871,1716 867,1720 865,1720 859,1714 858,1714 857,1713 849,1713 848,1714 847,1714 845,1716 844,1716 840,1720 836,1720 832,1716 825,1716 823,1714 821,1714 820,1713 802,1713 801,1714 797,1714 795,1716 790,1716"/>
                <Baseline points="795,1746 1484,1746"/>
                <TextEquiv>
                    <Unicode>Elisabeth Lemin / arme Wittwe / bey dem grü=</Unicode>
                </TextEquiv>
            </TextLine>
            <TextLine id="line_1502868108587_91" primaryLanguage="German" custom="readingOrder {index:1;}">
                <Coords points="830,1786 843,1786 845,1784 855,1784 856,1785 865,1785 866,1784 867,1784 869,1786 876,1786 877,1787 883,1787 884,1786 885,1786 887,1784 888,1784 890,1782 894,1782 898,1786 900,1786 901,1787 909,1787 910,1786 956,1786 957,1785 958,1785 960,1787 979,1787 980,1788 985,1788 986,1787 987,1787 989,1785 990,1785 992,1787 998,1787 1000,1785 1001,1785 1002,1786 1008,1786 1009,1785 1011,1785 1014,1782 1016,1782 1019,1785 1033,1785 1035,1783 1036,1783 1038,1785 1046,1785 1053,1792 1062,1792 1063,1791 1065,1791 1074,1782 1079,1787 1088,1787 1089,1786 1100,1786 1102,1784 1103,1784 1104,1785 1111,1785 1112,1784 1113,1784 1115,1786 1141,1786 1142,1785 1143,1785 1144,1784 1146,1784 1147,1785 1152,1785 1153,1784 1155,1784 1156,1785 1169,1785 1170,1784 1171,1784 1178,1777 1181,1777 1183,1779 1184,1779 1192,1787 1194,1787 1196,1789 1197,1789 1198,1790 1203,1790 1204,1789 1205,1789 1213,1781 1216,1784 1233,1784 1234,1783 1235,1783 1238,1786 1244,1786 1246,1788 1253,1788 1261,1780 1264,1780 1267,1777 1274,1777 1280,1783 1299,1783 1300,1784 1305,1784 1308,1781 1310,1783 1317,1783 1323,1777 1326,1777 1333,1784 1347,1784 1353,1790 1360,1790 1361,1789 1363,1789 1364,1788 1366,1788 1367,1787 1368,1787 1372,1783 1382,1783 1389,1790 1393,1790 1394,1791 1405,1791 1406,1790 1410,1790 1411,1789 1413,1789 1414,1788 1415,1788 1421,1782 1428,1782 1428,1763 1423,1763 1414,1754 1413,1754 1412,1753 1407,1753 1405,1751 1393,1751 1391,1753 1390,1753 1377,1766 1369,1758 1368,1758 1367,1757 1366,1757 1365,1756 1353,1756 1349,1752 1348,1752 1347,1751 1334,1751 1325,1760 1324,1760 1318,1754 1312,1754 1311,1755 1310,1755 1309,1756 1305,1752 1297,1752 1291,1758 1282,1758 1277,1763 1274,1763 1270,1759 1269,1759 1261,1751 1260,1751 1259,1750 1252,1750 1251,1751 1248,1751 1246,1753 1244,1751 1233,1751 1232,1750 1224,1750 1223,1751 1221,1751 1216,1756 1214,1756 1207,1749 1197,1749 1185,1761 1171,1761 1169,1759 1168,1759 1167,1758 1160,1758 1159,1759 1153,1753 1147,1753 1141,1759 1132,1759 1130,1761 1128,1761 1126,1759 1116,1759 1112,1755 1108,1755 1107,1754 1099,1754 1098,1753 1080,1753 1079,1754 1077,1754 1069,1762 1067,1760 1043,1760 1041,1762 1032,1753 1021,1753 1016,1758 1015,1758 1011,1754 1005,1754 1004,1755 1002,1755 997,1760 995,1760 993,1762 987,1762 985,1760 960,1760 958,1762 956,1760 952,1760 951,1759 934,1759 928,1753 925,1753 924,1752 917,1752 914,1755 911,1752 905,1752 904,1751 898,1751 897,1752 896,1752 889,1759 830,1759"/>
                <Baseline points="835,1782 1423,1782"/>
                <TextEquiv>
                    <Unicode>nen Lämmel bey Maria Hülf / alt 83. J.</Unicode>
                </TextEquiv>
            </TextLine>
            <TextEquiv>
                <Unicode>Elisabeth Lemin / arme Wittwe / bey dem grü=
nen Lämmel bey Maria Hülf / alt 83. J.</Unicode>
            </TextEquiv>
        </TextRegion>
        <TextRegion id="TextRegion_1502868116429_106" custom="readingOrder {index:23;} structure {type:list;}">
            <Coords points="1485,1858 792,1858 792,1792 1485,1792"/>
            <TextLine id="tl_89" primaryLanguage="German" custom="readingOrder {index:0;}">
                <Coords points="791,1822 796,1822 799,1825 808,1825 811,1822 816,1822 817,1823 824,1823 827,1820 829,1820 831,1822 839,1822 843,1818 845,1820 846,1820 848,1822 877,1822 885,1830 888,1830 889,1829 890,1829 891,1828 894,1828 895,1827 896,1827 906,1817 908,1817 911,1820 915,1820 919,1824 922,1824 923,1825 929,1825 930,1824 933,1824 934,1823 936,1823 939,1820 941,1820 943,1822 954,1822 955,1821 956,1821 957,1820 960,1820 964,1824 969,1824 973,1820 976,1823 986,1823 987,1822 988,1822 990,1820 994,1824 1004,1824 1005,1823 1008,1823 1009,1822 1010,1822 1012,1820 1015,1823 1022,1823 1023,1822 1026,1822 1028,1824 1038,1824 1039,1823 1047,1823 1048,1822 1049,1822 1050,1823 1057,1823 1069,1811 1071,1811 1082,1822 1100,1822 1102,1824 1108,1824 1110,1822 1120,1822 1121,1821 1122,1821 1125,1818 1129,1822 1138,1822 1139,1821 1145,1821 1146,1820 1155,1820 1156,1821 1162,1821 1163,1820 1164,1820 1166,1818 1167,1818 1169,1820 1175,1820 1181,1826 1187,1826 1189,1828 1200,1828 1201,1827 1202,1827 1203,1826 1205,1826 1206,1825 1207,1825 1214,1818 1215,1818 1219,1814 1225,1814 1232,1821 1251,1821 1252,1820 1270,1820 1272,1818 1274,1818 1276,1820 1287,1820 1288,1819 1289,1819 1294,1814 1301,1814 1307,1820 1313,1820 1314,1821 1317,1821 1320,1818 1322,1818 1326,1822 1334,1822 1336,1820 1341,1820 1342,1821 1348,1821 1352,1817 1358,1823 1361,1823 1363,1825 1365,1825 1367,1827 1377,1827 1378,1826 1380,1826 1382,1824 1383,1824 1388,1819 1390,1821 1391,1821 1393,1823 1402,1823 1409,1830 1414,1830 1415,1829 1417,1829 1418,1828 1419,1828 1424,1823 1442,1823 1443,1824 1448,1824 1449,1823 1463,1823 1465,1825 1476,1825 1477,1824 1481,1824 1483,1822 1488,1822 1488,1795 1430,1795 1426,1791 1424,1791 1421,1788 1414,1788 1413,1789 1411,1789 1410,1790 1406,1790 1401,1795 1393,1795 1386,1788 1380,1788 1379,1787 1378,1787 1377,1786 1371,1786 1370,1787 1367,1787 1366,1788 1364,1788 1363,1789 1361,1789 1355,1795 1342,1795 1341,1796 1340,1796 1337,1793 1335,1793 1334,1792 1329,1792 1324,1797 1322,1795 1321,1795 1314,1788 1306,1788 1295,1799 1292,1796 1290,1796 1288,1794 1287,1794 1282,1789 1273,1789 1268,1794 1251,1794 1249,1796 1248,1795 1231,1795 1223,1803 1220,1803 1206,1789 1204,1789 1203,1790 1198,1790 1197,1789 1196,1789 1194,1787 1188,1787 1187,1788 1184,1788 1174,1798 1170,1798 1162,1790 1150,1790 1144,1796 1134,1796 1132,1798 1127,1798 1122,1793 1114,1793 1110,1789 1104,1789 1103,1790 1100,1790 1094,1796 1087,1796 1085,1798 1075,1798 1070,1793 1064,1793 1063,1794 1062,1794 1058,1798 1049,1789 1040,1789 1039,1790 1036,1790 1028,1798 1027,1798 1026,1797 1025,1797 1024,1796 1016,1796 1014,1798 1008,1798 1007,1797 1001,1797 1000,1798 999,1797 991,1797 990,1798 957,1798 955,1796 948,1796 946,1798 943,1798 935,1790 930,1790 929,1789 927,1789 926,1788 912,1788 902,1798 900,1798 898,1796 897,1796 896,1795 894,1795 890,1791 884,1791 883,1792 881,1792 877,1796 867,1796 866,1795 861,1795 860,1796 856,1796 855,1795 851,1795 850,1796 847,1796 845,1798 844,1798 843,1797 838,1797 837,1796 825,1796 824,1795 818,1795 811,1788 810,1788 809,1787 797,1787 796,1788 791,1788"/>
                <Baseline points="796,1820 1483,1820"/>
                <TextEquiv>
                    <Unicode>Lorentz Boroneck / alt 28. J. und der Johann</Unicode>
                </TextEquiv>
                <TextStyle fontFamily="Times New Roman" fontSize="7.0"/>
            </TextLine>
            <TextLine id="tl_90" primaryLanguage="German" custom="readingOrder {index:1;}">
                <Coords points="826,1860 836,1860 837,1861 844,1861 847,1858 858,1858 860,1860 873,1860 874,1859 875,1859 876,1858 879,1861 888,1861 889,1860 890,1861 899,1861 900,1860 910,1860 916,1854 926,1854 932,1860 960,1860 962,1862 967,1862 968,1861 970,1861 975,1856 978,1856 982,1860 983,1860 984,1861 996,1861 999,1858 1009,1858 1016,1865 1019,1865 1021,1867 1030,1867 1031,1866 1033,1866 1034,1865 1035,1865 1036,1864 1037,1864 1042,1859 1050,1859 1057,1852 1064,1859 1067,1859 1068,1860 1074,1860 1076,1858 1078,1858 1080,1856 1081,1856 1085,1860 1091,1860 1093,1858 1094,1858 1095,1857 1096,1857 1098,1859 1107,1859 1108,1858 1109,1858 1111,1856 1112,1856 1115,1859 1116,1859 1117,1860 1122,1860 1123,1859 1125,1859 1128,1856 1129,1856 1130,1857 1131,1857 1134,1860 1139,1860 1143,1856 1146,1856 1151,1861 1153,1861 1154,1862 1157,1862 1160,1859 1168,1859 1169,1858 1187,1858 1190,1855 1191,1855 1193,1857 1194,1857 1196,1859 1219,1859 1221,1857 1222,1857 1223,1858 1230,1858 1233,1855 1234,1855 1238,1859 1252,1859 1253,1858 1254,1858 1255,1857 1256,1857 1258,1859 1271,1859 1272,1858 1273,1858 1274,1857 1276,1857 1278,1859 1284,1859 1286,1857 1290,1857 1292,1859 1299,1859 1303,1855 1306,1858 1313,1858 1314,1857 1335,1857 1344,1866 1352,1866 1353,1865 1354,1865 1362,1857 1379,1857 1379,1842 1374,1842 1356,1824 1353,1824 1352,1823 1346,1823 1335,1834 1330,1834 1328,1836 1326,1836 1323,1833 1321,1833 1320,1832 1303,1832 1293,1822 1282,1822 1280,1824 1278,1824 1276,1826 1275,1826 1274,1827 1273,1827 1270,1830 1269,1830 1268,1831 1267,1831 1265,1833 1264,1832 1256,1832 1255,1833 1251,1833 1250,1832 1241,1832 1239,1834 1236,1834 1235,1833 1229,1833 1221,1825 1219,1825 1218,1824 1208,1824 1207,1825 1206,1825 1205,1826 1203,1826 1202,1827 1201,1827 1200,1828 1198,1828 1190,1836 1186,1832 1177,1832 1176,1831 1161,1831 1158,1828 1151,1828 1145,1834 1133,1834 1131,1836 1127,1836 1121,1830 1112,1830 1110,1832 1102,1832 1098,1836 1096,1836 1094,1834 1087,1834 1085,1836 1078,1829 1077,1829 1076,1828 1075,1828 1074,1827 1067,1827 1065,1829 1064,1829 1057,1836 1052,1836 1050,1834 1049,1834 1048,1833 1045,1833 1040,1828 1034,1828 1031,1825 1030,1825 1029,1824 1021,1824 1019,1826 1017,1824 1012,1824 1003,1833 1002,1833 996,1827 983,1827 977,1833 973,1833 970,1830 962,1830 961,1831 958,1828 950,1828 945,1833 940,1833 939,1834 937,1834 928,1843 918,1833 910,1833 904,1827 903,1827 902,1826 897,1826 896,1827 895,1827 894,1828 891,1828 890,1829 889,1829 888,1830 887,1830 884,1833 883,1833 881,1835 878,1835 875,1832 869,1832 868,1833 864,1833 857,1826 826,1826"/>
                <Baseline points="831,1857 1374,1857"/>
                <TextEquiv>
                    <Unicode>Rock / alt 8. J. beede im Kranken=H.</Unicode>
                </TextEquiv>
            </TextLine>
            <TextEquiv>
                <Unicode>Lorentz Boroneck / alt 28. J. und der Johann
Rock / alt 8. J. beede im Kranken=H.</Unicode>
            </TextEquiv>
        </TextRegion>
        <TextRegion id="TextRegion_1502868116429_105" custom="readingOrder {index:24;} structure {type:list;}">
            <Coords points="1485,1904 792,1904 792,1858 1485,1858"/>
            <TextLine id="tl_91" primaryLanguage="German" custom="readingOrder {index:0;}">
                <Coords points="788,1896 797,1896 802,1901 813,1901 814,1900 821,1900 825,1896 827,1896 832,1901 925,1901 931,1895 932,1895 934,1893 935,1893 940,1898 948,1898 956,1906 965,1906 966,1905 967,1905 974,1898 986,1898 994,1906 1002,1906 1003,1905 1004,1905 1016,1893 1019,1893 1024,1898 1025,1898 1026,1899 1035,1899 1036,1898 1048,1898 1053,1903 1058,1903 1063,1898 1066,1898 1067,1899 1072,1899 1073,1898 1104,1898 1105,1899 1110,1899 1111,1898 1135,1898 1138,1901 1143,1901 1151,1893 1178,1893 1182,1897 1207,1897 1208,1898 1318,1898 1323,1903 1335,1903 1340,1898 1344,1898 1345,1899 1351,1899 1352,1898 1358,1898 1360,1900 1365,1900 1366,1899 1379,1899 1380,1898 1384,1898 1385,1899 1391,1899 1392,1898 1393,1898 1394,1899 1400,1899 1401,1898 1404,1898 1405,1899 1419,1899 1420,1898 1423,1898 1426,1901 1433,1901 1436,1898 1443,1898 1445,1900 1454,1900 1456,1898 1459,1901 1466,1901 1470,1897 1480,1897 1482,1895 1487,1895 1487,1880 1482,1880 1473,1871 1467,1871 1466,1870 1456,1870 1455,1869 1447,1869 1444,1872 1441,1872 1440,1871 1439,1871 1437,1869 1435,1869 1432,1866 1422,1866 1419,1869 1410,1869 1405,1864 1400,1864 1399,1865 1396,1865 1394,1867 1391,1867 1387,1863 1369,1863 1368,1862 1363,1862 1362,1863 1361,1863 1355,1869 1352,1869 1349,1872 1346,1869 1338,1869 1337,1868 1335,1868 1334,1867 1330,1867 1329,1868 1209,1868 1207,1870 1205,1870 1203,1872 1202,1872 1200,1874 1194,1868 1190,1868 1189,1867 1188,1867 1187,1866 1185,1866 1184,1865 1179,1865 1166,1878 1164,1878 1156,1870 1155,1870 1154,1869 1149,1869 1142,1876 1140,1876 1136,1872 1135,1872 1134,1871 1133,1871 1132,1870 1119,1870 1117,1872 1116,1872 1115,1871 1107,1871 1104,1874 1102,1874 1100,1872 1092,1872 1091,1871 1085,1871 1084,1872 1083,1872 1081,1874 1080,1873 1079,1873 1071,1865 1070,1865 1069,1864 1056,1864 1048,1872 1029,1872 1027,1874 1025,1874 1018,1867 1017,1867 1015,1865 1010,1865 1008,1867 1005,1867 1004,1866 995,1866 994,1867 993,1867 991,1869 988,1869 981,1876 979,1876 975,1872 968,1872 967,1871 960,1871 959,1872 958,1872 956,1874 953,1871 938,1871 933,1876 932,1876 928,1872 925,1872 924,1871 834,1871 828,1865 818,1865 817,1864 815,1864 814,1863 800,1863 798,1865 796,1865 794,1867 788,1867"/>
                <Baseline points="793,1896 1482,1896"/>
                <TextEquiv>
                    <Unicode>Summa 15. Personen / darunter 5. Kinder.</Unicode>
                </TextEquiv>
                <TextStyle fontFamily="Times New Roman" fontSize="7.0"/>
            </TextLine>
            <TextEquiv>
                <Unicode>Summa 15. Personen / darunter 5. Kinder.</Unicode>
            </TextEquiv>
        </TextRegion>
        <TextRegion type="heading" id="r_3_14" custom="readingOrder {index:25;} structure {type:heading;}">
            <Coords points="973,1902 1304,1902 1304,1941 973,1941"/>
            <TextLine id="tl_92" primaryLanguage="German" custom="readingOrder {index:0;}">
                <Coords points="969,1941 987,1941 988,1942 998,1942 999,1941 1000,1941 1001,1940 1002,1940 1004,1938 1005,1938 1006,1937 1007,1937 1009,1935 1012,1938 1013,1938 1014,1939 1021,1939 1022,1938 1030,1938 1031,1939 1038,1939 1039,1938 1049,1938 1063,1924 1064,1924 1078,1938 1093,1938 1096,1935 1097,1935 1100,1938 1111,1938 1112,1937 1115,1937 1116,1936 1118,1936 1122,1940 1128,1940 1129,1939 1130,1939 1136,1933 1144,1933 1147,1936 1150,1936 1153,1939 1159,1939 1160,1938 1161,1938 1162,1937 1163,1937 1164,1936 1165,1936 1167,1938 1179,1938 1181,1936 1185,1936 1186,1937 1195,1937 1196,1936 1197,1936 1201,1940 1210,1940 1211,1939 1222,1939 1225,1936 1228,1939 1230,1939 1231,1940 1238,1940 1240,1938 1241,1938 1244,1935 1245,1935 1250,1940 1255,1940 1256,1939 1258,1939 1260,1937 1261,1937 1263,1935 1268,1940 1277,1940 1278,1941 1294,1941 1296,1943 1301,1943 1303,1941 1308,1941 1308,1914 1302,1914 1291,1903 1280,1903 1277,1900 1271,1900 1270,1901 1269,1901 1262,1908 1260,1906 1252,1906 1248,1910 1247,1910 1246,1909 1239,1909 1238,1908 1229,1908 1227,1910 1224,1910 1223,1909 1222,1909 1221,1908 1210,1908 1208,1910 1207,1910 1198,1901 1193,1901 1192,1900 1181,1900 1180,1901 1177,1901 1175,1899 1170,1899 1169,1900 1153,1900 1151,1902 1149,1902 1130,1921 1127,1921 1116,1910 1044,1910 1043,1911 1040,1911 1039,1910 1032,1910 1030,1912 1029,1912 1027,1910 1025,1910 1024,1909 1020,1909 1019,1910 1018,1910 1016,1912 1011,1912 1010,1911 1009,1911 1007,1909 1005,1909 1004,1908 1002,1908 1000,1906 992,1906 991,1905 990,1905 989,1904 969,1904"/>
                <Baseline points="974,1937 1303,1937"/>
                <TextEquiv>
                    <Unicode>Den 11. Martii.</Unicode>
                </TextEquiv>
                <TextStyle fontFamily="Times New Roman" fontSize="8.5" bold="true"/>
            </TextLine>
            <TextEquiv>
                <Unicode>Den 11. Martii.</Unicode>
            </TextEquiv>
        </TextRegion>
        <TextRegion type="heading" id="r_3_15" custom="readingOrder {index:26;} structure {type:heading;}">
            <Coords points="1013,1955 1259,1955 1259,1992 1013,1992"/>
            <TextLine id="tl_93" primaryLanguage="German" custom="readingOrder {index:0;}">
                <Coords points="1009,1992 1014,1992 1015,1993 1016,1993 1017,1994 1020,1994 1021,1993 1030,1993 1031,1992 1033,1992 1035,1990 1036,1990 1037,1989 1056,1989 1057,1988 1059,1988 1060,1987 1061,1987 1067,1981 1072,1981 1078,1987 1080,1987 1081,1988 1087,1988 1088,1987 1099,1987 1100,1988 1126,1988 1127,1987 1128,1987 1139,1976 1140,1976 1146,1982 1147,1982 1153,1988 1158,1988 1159,1989 1163,1989 1164,1988 1171,1988 1172,1987 1182,1987 1183,1988 1191,1988 1192,1987 1194,1989 1210,1989 1211,1988 1212,1988 1213,1987 1215,1987 1216,1988 1228,1988 1230,1986 1232,1986 1235,1989 1257,1989 1258,1988 1263,1988 1263,1972 1258,1972 1257,1971 1256,1971 1242,1957 1236,1957 1235,1958 1234,1958 1230,1962 1228,1960 1226,1960 1225,1959 1212,1959 1210,1961 1208,1961 1207,1960 1201,1960 1200,1961 1198,1961 1196,1963 1194,1963 1192,1961 1191,1961 1190,1960 1188,1960 1182,1954 1174,1954 1173,1955 1171,1955 1169,1953 1168,1953 1167,1952 1158,1952 1157,1953 1154,1953 1152,1955 1150,1955 1144,1961 1113,1961 1112,1960 1106,1960 1105,1961 1101,1961 1099,1963 1097,1963 1096,1962 1095,1962 1094,1961 1093,1961 1092,1960 1090,1960 1089,1959 1087,1959 1086,1958 1077,1958 1072,1963 1065,1963 1063,1965 1061,1963 1060,1963 1059,1962 1058,1962 1057,1961 1048,1961 1040,1953 1034,1953 1032,1955 1026,1955 1025,1954 1015,1954 1014,1955 1009,1955"/>
                <Baseline points="1014,1985 1258,1985"/>
                <TextEquiv>
                    <Unicode>Jn der Stadt.</Unicode>
                </TextEquiv>
            </TextLine>
            <TextEquiv>
                <Unicode>Jn der Stadt.</Unicode>
            </TextEquiv>
        </TextRegion>
        <TextRegion id="r_3_16" custom="readingOrder {index:27;} structure {type:list;}">
            <Coords points="792,1990 1481,1990 1481,2033 792,2033"/>
            <TextLine id="tl_94" primaryLanguage="German" custom="readingOrder {index:0;}">
                <Coords points="788,2030 796,2030 809,2043 814,2043 827,2030 839,2030 840,2031 848,2031 849,2030 866,2030 873,2023 885,2035 893,2035 899,2029 946,2029 948,2027 952,2027 960,2035 966,2035 967,2034 968,2034 972,2030 973,2030 976,2027 995,2027 1002,2034 1008,2034 1009,2033 1014,2033 1020,2027 1057,2027 1058,2028 1066,2028 1072,2022 1074,2022 1085,2033 1094,2033 1095,2032 1097,2032 1100,2029 1190,2029 1192,2031 1204,2031 1205,2030 1206,2030 1213,2023 1222,2023 1232,2033 1248,2033 1251,2030 1272,2030 1273,2029 1284,2029 1285,2028 1341,2028 1348,2021 1357,2021 1364,2028 1367,2028 1368,2029 1374,2029 1375,2028 1381,2028 1382,2029 1388,2029 1389,2028 1436,2028 1442,2034 1451,2034 1452,2033 1459,2033 1464,2028 1466,2028 1468,2026 1469,2026 1470,2025 1477,2025 1478,2024 1479,2024 1480,2023 1485,2023 1485,1994 1479,1994 1473,1988 1462,1988 1453,1997 1450,1997 1442,1989 1436,1989 1435,1990 1434,1990 1430,1994 1419,1994 1413,1988 1400,1988 1396,1992 1394,1992 1390,1988 1370,1988 1357,2001 1355,2001 1350,1996 1343,1996 1340,1999 1337,1999 1334,1996 1311,1996 1305,1990 1304,1990 1303,1989 1293,1989 1286,1996 1280,1996 1277,1999 1272,1999 1271,1998 1266,1998 1265,1997 1255,1997 1248,1990 1236,1990 1234,1992 1233,1992 1219,2006 1217,2006 1200,1989 1190,1989 1184,1995 1182,1995 1178,1991 1172,1991 1168,1995 1136,1995 1132,1991 1125,1991 1121,1995 1107,1995 1101,1989 1088,1989 1086,1991 1085,1991 1081,1995 1074,1995 1064,2005 1061,2005 1053,1997 1046,1997 1045,1998 1038,1998 1036,2000 1035,2000 1034,1999 1026,1999 1025,2000 1023,2000 1016,1993 1015,1993 1013,1991 1012,1991 1011,1990 1006,1990 1005,1991 1003,1991 987,2007 984,2007 973,1996 970,1996 969,1995 960,1995 955,2000 954,2000 949,1995 942,1995 941,1996 937,1996 934,1993 928,1993 927,1994 924,1994 923,1993 922,1993 919,1990 912,1990 910,1992 901,1992 900,1991 892,1991 891,1992 890,1992 888,1994 887,1994 885,1996 821,1996 817,1992 816,1992 815,1991 801,1991 800,1992 788,1992"/>
                <Baseline points="793,2024 1480,2024"/>
                <TextEquiv>
                    <Unicode>Dem (Tit.) Hrn. Heinrich Hueber / Königl.</Unicode>
                </TextEquiv>
                <TextStyle fontFamily="Times New Roman" fontSize="7.0"/>
            </TextLine>
            <TextEquiv>
                <Unicode>Dem (Tit.) Hrn. Heinrich Hueber / Königl.</Unicode>
            </TextEquiv>
        </TextRegion>
    </Page>
</PcGts>
