2353 3303
14 120 2172 235 Anno 1732. (Num 48.) 14. Junii.
779 249 1420 422 Wienerisches
191 249 1988 535 DIARIUM.
193 494 1984 618 Mit Jhrer Röm. Kaiserl. und Cathol. Majestät Freyheit.
13 572 2199 718 Zu finden in der Kaiserlichen Hof=Buchdruckerey / gegen dem Hof=
397 669 2181 788 Ball=Haus über / bey Johann Peter v. Ghelen.
295 780 770 866 Aus Frankreich.
280 843 792 932 Paris 26. May.
189 892 1076 995 DEn 20sten Dieses haben al=
225 974 1080 1061 hier Messire Renne de Cor-
225 1039 1077 1128 douan, Marquis de la Noue,
45 1103 1076 1198 Brigadier deren Königlichen Arméen
30 1168 1077 1261 und General-Inspector der Reute=
34 1235 1077 1330 rey / seines Alters ungefehr 60. Jahr /
47 1305 1079 1393 und den 11ten Dito Messire Peter le
48 1368 1080 1462 Mastin, Capitain in dem Regiment der
62 1434 1079 1524 Frantzösischen Leib=wacht in dem 55sten
56 1501 1083 1592 Jahr seines Alters dieses Zeitliche geseg=
49 1571 1080 1655 net. Als dieser Tagen der Printz von
39 1630 1000 1712 Conty seine neue Gemahlin für das er=
615 1690 1079 1777 stemal nach Isle Adam geführet / so seynd
48 1742 1081 1830 500. Burger von Baumont an der Oise,
52 1807 1080 1895 worunter auch dile Compagnie deren
54 1874 1080 1962 Schützen ware / diesen Fluß hinunter
53 1936 1080 2023 nach dieser Jnful gefahren. Ein jeder
51 2003 1076 2091 derenselben hatte auf seinem Hut einen
56 2066 1077 2159 Busch Tafet=band von dreyerley Far=
52 2135 1075 2222 ben / und führeten zwey halbe Carthau=
51 2203 1075 2286 en / und noch zwey andere kleine Stuck
48 2264 1074 2350 mit sich: nachdeme sie nun ihre Com-
56 2330 1071 2420 plimenten abgeleget / und mit Essen und
56 2392 1070 2486 Trinken bewirtet worden / hat ihnen
51 2461 1070 2551 der Printz einen Sack von 1000. Livres
54 2529 1070 2620 verehret / wormit sie gantz vergnüget
56 2595 1071 2681 wieder nacher Haus gekehret seynd.
60 2656 1070 2751 Heute verreiset die Königin mit ihrer
70 2725 1070 2813 Frau Mutter des Königs Stanislai
62 2792 1070 2881 Gemahlin zu Verrichtung ihrer Andacht
60 2855 1067 2967 nacher Chartres. Die gantze Reis wäh=
1126 769 2185 861 ret nicht länger als 3. Tag / weilen der
1125 829 2185 924 Ort nur 14. Stund von Versailles ent=
1125 889 2185 990 legen ist. Man versicheret / daß alhier
1126 963 2185 1055 nun 16000. Mann regulirte Truppen
1128 1026 2185 1121 sich befinden / welche auf denen wichtig=
1128 1096 2189 1190 sten Posten in hiesiger Stadt und dero
1129 1158 2188 1254 Vor=Städten vertheilet ligen. Auch
1131 1221 2198 1321 habe der König einen Befelchs=brief
1130 1295 2189 1382 oder sogenannten Lettre de Cachet an
1130 1349 2193 1451 ein jedes Mit=glied des Parlaments ab=
1131 1419 2189 1515 gehen lassen / damit es ungesaumt sich
1133 1482 2188 1572 wieder nach Gewohnheit versammeln
1131 1551 2190 1638 und in Verwaltung der Gerechtigkeit
1130 1617 2190 1704 sein Amt thun möchte. Wir haben
1131 1672 2189 1766 alhier Nachricht / daß als vor einigen
1130 1743 2189 1834 Tagen eine Kette Maleficanten / so nach
1131 1811 2190 1894 Marseille auf die Galeren gebracht wer=
1131 1877 2189 1965 den sollen / in dem unweit Sens gele=
1130 1939 2188 2030 genen Wald angelanget / 4. Mann den
1129 2005 2189 2090 Gefreyten angehalten und sich offerirt /
1129 2069 2188 2157 die gewöhnliche Rantzion zu zahlen. Da
1126 2139 2186 2223 er nun solches nicht annehmen wollen /
1126 2200 2185 2293 habe ihm einer mit der Pistole durch
1128 2266 2183 2354 den Kopf geschossen / worauf bey 100.
1125 2330 2181 2427 Personen aus dem Busch gesprungen /
1125 2396 2181 2487 und alle diese Maleficanten befreyet
1125 2458 2181 2552 hätten; es seynd in diesem Scharmü=
1124 2527 2044 2626 tzel 42. Personen getödtet worden.
1189 2589 2176 2684 Als sich der König neulich zu der Brü=
1120 2658 2177 2748 cke/ so bey Compiegne von Steinen auf=
1123 2727 2172 2815 geführet wird / begabe; legete er in einen
1120 2790 2176 2890 grossen Stein eine goldene / zwey silber=
1119 2860 2179 2959 ne und drey metallene Müntzen. Auf
1183 2928 1599 3020 )(
1599 2934 2176 3018 der
