2395 3310
204 103 1262 209 der einen Seiten befande sich das Bild=
203 174 1253 273 nuß des Königs / und auf der anderen
201 245 1254 340 Seiten der Abriß der Brücke / die man
201 311 1254 417 erbauet / mit der Umschrift: Ludwig
201 371 1251 472 der XV. König in Frankreich und
201 431 1253 535 Navarra; unter der Angebung Jo=
203 499 1250 601 sephs du Bois, Auf=sehers der Brü=
201 567 1250 667 cken und Stein=wege in Frankreich.
196 632 1250 737 Die Einlage dieser Müntzen geschahe
199 702 1250 791 auch mit einem anderen Steine / welche
200 762 1250 862 sodann in Gegenwart Jhrer Majestät
199 830 1249 949 mit Eisen verwahret und befestiget
194 926 424 992 wurden.
475 960 972 1056 Paris 30. May.
265 1020 1245 1123 Vergangene Woche hat man alhier
196 1094 1245 1190 einen Königl. Befehl verkündet / daß
192 1158 1244 1256 um den Zusammen=lauf deren Hand=
193 1219 1245 1319 werks=leuten / Lackeyen / und Herren=
190 1288 1244 1383 losen Gesindels zu verhüten / in der vor=
190 1356 1241 1452 Stadt St. Marceau ein neues Corps
193 1422 1242 1520 de Garde, oder Postirung für die Trup=
189 1481 1244 1572 pen angeleget werden solle / und ist die=
192 1550 1244 1649 ses nun die achte Postirung / welche seit
190 1615 1239 1704 weniger Zeit angeleget worden. Den
193 1679 1241 1770 23sten Dieses ist der König Stanislaus
193 1743 1241 1838 samt seiner Gemahlin wieder nacher
196 1810 1241 1900 Chambord zuruck gereiset. Ein jun=
193 1873 1242 1962 ger Engländischer Herr von 20. Jahren /
193 1943 1241 2035 genannt der Hertzog von Kingston / ist
193 2006 1241 2098 von seinen nacher Jtalien gethanen Rei=
190 2072 1242 2158 sen alhier angelanget / und weilen der=
190 2139 1242 2227 selbe ein grosser Liebhaber der Jagd ist /
193 2205 1241 2293 und ein Jahr lang alhier zu verbleiben
194 2269 1245 2356 gedenket / so lasset er noch 40. Reit=pfer=
196 2328 1241 2420 de aus England herüber kommen / ohn=
197 2396 1242 2489 geachtet dessen bey sich habende Hof=
197 2461 1240 2555 statt schon vorhero zimlich zahlreich ist.
197 2529 1241 2618 Als dieser Tagen der sogenannte Ver-
196 2596 1241 2681 dun, einer von denen Policey=Bedien=
196 2658 1242 2752 ten / welche auf deren Beobachtung be=
197 2725 1241 2817 stellet / und deswegen nicht gar belie=
196 2782 1244 2883 bet seynd / in dem Ort la Valle einige
198 2853 1244 2963 Tauben gekauffet / und über die neue
1298 110 2393 229 Brucke nit denenselben zuruck gekom=
1301 199 2391 292 men / traffe er den beschreyeten Zahn=
1301 261 2390 360 brecher den grossen Thomas / sonsten
1300 323 2389 419 der Schröcken aller menschlichen Kinn=
1301 392 2386 486 backen genannt / an / und schmisse ihme
1302 456 2384 548 die gekaufte Tauben um die Nase / mit
1301 521 2380 617 dem Befragen / ob er auch Theil daran
1300 592 2379 686 nehmen wolte / hierauf zuckete der gros=
1298 653 2378 748 se Thomas seinen Degen / Verdun und
1300 717 2374 812 einer von seinen Cameraden thaten des=
1298 786 2374 878 gleichen / Thomas verwundete den Po-
1298 853 2368 947 licey-diener / und liesse gleich seinen gros=
1298 914 2370 1010 sen Dogue-Hund auf ihne los / der ih=
1300 985 2370 1075 ne zu Boden risse / Thomas gabe ihme
1297 1047 2361 1142 hierauf den zweyten Stich / des Verduns
1297 1116 2366 1208 Camerad versetzte dem Hund auch zwey
1294 1177 2364 1274 Degen stiche / der Thomas aber flohe
1296 1244 2360 1342 so stark als er könte in den Hof la Moi-
1296 1313 2349 1408 gnon genant / in den Pallast des Par=
1292 1377 2357 1474 laments / worinnen er aber gefänglich
1292 1446 2341 1538 angehalten / und nach dem Gefängnuß
1290 1515 2341 1604 des Chatelets gebracht wurde / alwo er
1289 1572 2314 1669 noch bis Dato seine Residenz haltet
1286 1638 2340 1731 nach deme nun der König hievon berich=
1288 1685 2230 1781 tet worden / haben die Grossen des Ho=
1288 1750 2337 1841 fes von Jhrer Majestät Gnade für die=
1292 1819 2347 1906 sen Thomas begehret / welche sie auch
1290 1885 2333 1971 wol erhalten werden / indeme dieser
1290 1944 2333 2037 Zahn=brecher einen grossen Zulauf hat /
1289 2014 2332 2100 und dem Publico nutzliche Dienste lei=
1289 2073 2311 2163 stet. Gestern ist das Parlament wie=
1289 2145 2299 2238 derum in seinem Gerichts=Pallast erschie=
1292 2210 2303 2298 nen / um alda seine Versammelungen
1289 2271 2311 2367 nach Gewohnheit zu halten. Jn der
1288 2338 2334 2428 Nacht zwischen den 28= und 29sten Die=
1289 2403 2291 2497 ses ist alhier einem Butter=Verkäuffer
1288 2470 2295 2563 von Clamart, welcher um für seinen
1288 2535 2297 2625 verkauften Butter und Eyer das Geld
1288 2600 2303 2690 einzuforderen / herein gekommen / in der
1292 2666 2303 2754 Strassen Cassete, so in der vor=Stadt
1290 2731 2288 2828 St. Germain liget / die Gurgel entzwey
1288 2800 1804 2913 geschnitten worden.
2194 2976 2261 3018 Vor
