2380 3320
81 161 1073 274 Von dem Empfang deren Parla=
18 238 1074 339 ments Deputirten / als sie nacher Com-
20 315 1074 406 piegne beruffen worden / erzehlet man
33 378 1075 472 folgende Umstände / wie solches der er=
34 437 1075 526 ste Præsident Msr. du Portail nach seiner
18 508 1074 600 Wiederkunft allen Cammern des Par=
23 572 1074 666 laments berichtet: Es hatte nemlich der
23 637 1074 732 König sie die Deputirten mit diesen Wor=
30 707 1074 800 ten angeredet: Jhr habt mich ge=
31 774 1074 868 müssiget euch neuerdingen alhero zu
34 837 1074 934 entbieten / und euch mein Mißver=
37 900 1074 992 gnügen über euere Aufführung zu
40 967 1075 1069 verstehen zu geben / wann mein Par=
42 1034 1075 1121 lament mir nicht ohne Verzug ge=
42 1094 1075 1189 horchen will /so werde ich wissen ihme
51 1163 1074 1251 den völligen Last meines Zorns em=
43 1227 1075 1321 pfinden zu machen; und als der erste
43 1295 1074 1383 Præsident hierauf antworten wollen /
51 1356 1073 1451 haben Jhre Majestät ihme sogleich das
47 1428 1074 1518 Stillschweigen auferleget. Als nun
55 1482 1074 1578 hernach der Abbt Pucelle vor dem Kö=
55 1553 1075 1644 nig auf die Knie gefallen / und Jhrer
51 1620 1078 1706 Majestät eine Schrift überreichet mit
51 1683 1078 1770 diesen Worten / das in besagter Schrift
51 1741 1075 1835 die wahrhaftige Berahtschlagung des
52 1800 1074 1899 Parlaments enthalten seye / haben Jh=
54 1867 1074 1956 re Majestät dieselbe zwar von ihme an=
52 1934 1071 2021 genommen / aber gleich dem Grafen von
56 1999 1078 2085 Maurepas einem deren Königl. Staats=
57 2058 1067 2151 Secretarien mit diesen Worten über=
57 2127 1067 2220 geben: Jch befehle euch diese Schrift
59 2190 1066 2289 zu zerreissen: welches dann alsogleich
61 2256 1066 2350 vollzogen worden. Der Abt Pucelle
64 2322 1070 2416 hätte in seiner Ruk=reise von Compie-
146 2389 1064 2483 gne im Durch passiren zu Senlis einen
67 2453 1064 2546 Königl. Befehls=Brief erhalten / wor=
68 2521 1062 2614 durch er in seine Abtey zu Corbigny ver=
68 2583 1064 2683 wiesen worden / ohne daß ihme erlau=
77 2653 1061 2747 bet gewesen / wieder völlig alhero zu
74 2716 1061 2820 kommen. Auch hätte der erste Præ-
81 2781 1061 2888 sident bey seiner Ruk=kunft alhier
80 2838 1057 2940 den Bericht erhalten / daß ein an=
80 2910 1053 3028 derer Rahts=Herr des Parlaments
1118 172 2178 272 Namens Titon in das bekannte Schloß
1122 251 2178 332 Vincennes relegiret worden seye / wel=
1122 314 2173 403 ches alles ohne Zweifel zu oberwehnter
1122 376 2174 465 Unterwerfung und Wieder=eröfnung
1122 448 2186 528 deren Gerichts=Versammelungen das
1122 512 2014 603 Parlament bewogen haben wird.
1340 578 1953 661 Aus Jngermanland.
1325 639 1972 725 Petersburg 15. May.
1180 697 2184 793 Nanchdeme auf Jhrer Russischen Ma=
1122 760 2180 860 jestät eigenhändig unterzeichneten Be=
1124 839 2176 924 fehl vom 22sten Martii albereits vor ei=
1124 899 2179 990 niger Zeit anbefohlen / auch in dem Mo=
1122 967 2184 1059 scovischen / Novogrodischen und in ande=
1124 1036 2184 1125 ren gehörigen Regierungen mittelst ge=
1124 1095 2184 1185 drukten Blättern verkündet worden /
1124 1166 2180 1253 welcher=gestalten / wann sich freye Hand=
1121 1230 2184 1318 werks=meister / Arbeits=leute / Maurer /
1121 1294 2177 1378 Zimmer=leute / Tischler / Stockators /
1121 1358 2180 1448 Tüncher und andere dergleichen zur
1122 1421 2176 1511 Fabric / Ziegel=brennerey / Gewerk und
1125 1486 2181 1572 Hüten gehörige Arbeiter finden solten /
1125 1554 2176 1643 welche Lust und Liebe zu solcher Arbeit
1125 1613 2180 1706 hätten / selbige sich diesen Frühling un=
1125 1676 2179 1771 gesaumt in Petersburg einfinden möch=
1126 1744 2177 1831 ten / damit sie eine solche Arbeit entwe=
1124 1797 2179 1902 der Ding= Miet/oder Pacht=weise über=
1124 1868 2175 1962 nehmen könten. Wann nun aber bis=
1122 1929 2172 2030 dato dieser Ukase zu Folge keine derglei=
1121 1996 2176 2093 chen Handwerks=meister sich in Peters=
1118 2065 2170 2162 burg gemeldet und angegeben haben:
1118 2129 2170 2229 als wird hiemit in Kraft gegenwärtiger
1120 2193 2172 2293 Ukase auf Jhro Russischen Majestät al=
1117 2254 2167 2357 lergnädigsten Befehl und auf Geheiß
1117 2326 2167 2429 des regierenden Senats alles oben gemel=
1116 2401 2170 2500 dete zu mehrerer Bestättigung nochma=
1113 2461 1803 2563 len offentlich kund gethan.
1382 2530 1878 2618 Aus Schweden.
1325 2596 1942 2685 Stokholm 21. May.
1167 2656 2158 2756 Jhre Hochfürstl. Durchl. der Printz
1110 2720 2158 2813 Wilhelm von Hessen=Cassel werden nech=
1109 2789 2158 2890 stens alhier vermutet / und zu dero Em=
1106 2855 2154 2946 pfang alle Anstalten vorgekehret. Der
1106 2919 2158 3023 Herr Reichs=Raht Graf von Lieven /
1160 2993 1707 3085 )( 2
1707 2994 2155 3087 ist
