2399 3307
202 155 1251 263 ist auf seine Land=Güter verreist; so
193 240 1249 330 hat auch der Russische Minister / Herr
194 306 1249 391 von Bestuchef / vor einigen Tagen zu
192 364 1247 456 dem Herrn Reichs=Raht Grafen von
187 435 1249 524 Horn hinaus auf das Land sich begeben /
190 502 1248 589 um mit Sr. Hochgräfl. Excell. über ein=
188 568 1244 657 und andere wichtige Sachen zu conferi-
189 629 1248 723 ren. Zu Calsberg seynd unterschiedliche
187 698 1247 787 Renn=thiere aus Lappland angekom=
188 758 1248 851 men / welche Jhro Königl. Majestät als
189 833 1248 918 ein Præsent an den Kaiserl. Hof nacher
188 891 1247 983 Wien übersende wollen / nebst drey dabey
188 962 1247 1051 befindlichen Lappländern / die mit diesen
192 1026 1245 1139 Thieren umzugehen und sie zu regieren
185 1094 369 1185 wissen.
469 1158 985 1239 Aus Dännemark.
375 1225 1060 1310 Copenhagen 27. May.
282 1286 1247 1377 Vorgestern Morgen seynd Jhre
189 1344 1247 1445 Durchl. der Printz Wilhelm von Hes=
187 1419 1247 1509 sen=Cassel in dieser Stadt angelanget /
193 1484 1247 1569 und dey dem Herrn Edinger abgetret=
193 1546 1246 1638 ten / woselbst einige Cavalier / Pagen
195 1609 1248 1703 und Lackeyen / wie auch Küche und Kel=
198 1677 1182 1766 ler zu dero Bedienung parat waren.
359 1744 1068 1821 Copenhagen 31. May.
260 1799 1248 1889 Jhre Durchl. der Printz Wilhelm von
197 1869 1251 1957 Hessen=Cassel / reiseten am Mittwoch
198 1935 1252 2020 nach Friedensburg und kamen allererst
198 1999 1252 2087 gestern Abends wieder zuruck in dieser
194 2063 1256 2149 Stadt. Nachdeme der Kaiserl. Gesand=
193 2128 1256 2218 te / Herr Graf von Seckendorf / und Rus=
205 2196 1255 2282 sischer Minister / Baron von Brackel /
200 2259 1256 2348 fast täglich mit unseren Ministern in
205 2326 1256 2414 Conferenz gewesen / hat endlich jeder
198 2390 1259 2479 den von seinem Hofe erhaltenen Currier
201 2456 1260 2544 am vorigen Mittwoch Morgen wieder
205 2519 1260 2616 zuruck=geschicket / und will man versi=
201 2586 1260 2672 cheren / daß erwehnter Currier mit der
206 2654 1263 2741 Ratification eines Tractats von grosser
202 2721 1263 2809 Wichtigkeit zwischen unserm Hof / dem
206 2786 1261 2872 Kaiser und der Russischen Monarchin
207 2851 1267 2941 abgefertiget worden. Nachdeme der
207 2912 1264 3021 Herr Graf von Seckendorf vorgestern
1293 150 2396 267 von alhiesigen Ministern die Abschieds=
1298 243 2393 331 Visite gehabt/ so hat derselbe Tags dar=
1296 308 2389 397 auf die Ruck=reise über Hamburg na=
1300 372 2391 464 cher Berlin angetretten / von da Seine
1298 434 2385 526 Excell. die Ruck=kehr nach dem Carls=
1302 499 2385 593 bad nehmen werden / um Jhre Kaiserl.
1298 566 2384 659 Majestät von denen alhiesigen gehabten
1300 636 2377 723 Verrichtungen Bericht abzustatten. Zu=
1301 700 2377 788 gleich seynd Jhre Durchl. der Printz
1300 765 2378 856 von Hessen / nachdeme sie von sämmt=
1300 832 2377 925 lichen Königl. Herrschaften zu Friedens=
1300 897 2376 985 burg Abschied genommen / Vorgestern=
1300 964 2374 1060 fruhe von hier nacher Stokholm aufge=
1302 1035 1515 1121 brochen.
1401 1091 2276 1180 Reval in Liefland 11. May.
1369 1157 2367 1253 Jhre Russische Majestät / unserer al=
1303 1223 2366 1316 lergnädigsten Monarchin hohes Crö=
1303 1285 2365 1382 nungs=Fest ist am 28sten April hieselbst
1303 1358 2358 1448 folgender=gestalten höchst=feyerlich be=
1305 1427 2358 1515 gangen worden. Frühe Morgens wur=
1305 1491 2354 1575 de zur Kirchen geläutet / und in denen
1305 1553 2353 1641 Haupt=Kirchen offentlicher GOttes=
1302 1617 2356 1705 Dienst gehalten / nach desen Endigung
1303 1682 2070 1762 das Te Deum unter Pauken= und Trom=
1302 1735 2354 1826 peten=Schall abgesungen / und darauf
1306 1795 2352 1888 alle Canonen von denen Wällen abge=
1307 1867 2349 1952 schossen wurden. Der Hr. Gubernator
1310 1929 2349 2017 Baron von Löwen / gaben eine sehr
1310 1996 2346 2086 herrliche Mahlzeit zu Mittag / wozu Ta=
1310 2061 2325 2148 ges vorhero alles / was von Distinction
1312 2123 2335 2216 gegenwärtig / eingeladen und herrlich be=
1311 2194 2342 2282 wirtet worden. Sein Haus ware von
1312 2254 2338 2349 aussen sehr schön gezieret und demselben
1312 2316 2325 2411 gegen über 9. Canonen gepflantzet /
1311 2387 2327 2475 welche sich währendem hohen Gesund=
1314 2451 2325 2541 heits=trinken / benebst denen Paucken
1312 2517 2324 2609 und Trompeten zum öfteren hören lies=
1312 2582 2312 2671 sen; und daurete dieses heriliche Tra-
1312 2646 2315 2737 ctament und übrige Freudens=bezeu=
1312 2717 2291 2806 gungen bis an den anderen Morgen.
1520 2780 2144 2874 Aus Schweitzerland.
1601 2847 2074 2929 Zürch 31. May.
1401 2858 2307 3011 Der Fanzösische Minister in der
2084 2972 2299 3073 Schweitz
