1637 2190
809 46 887 89 547
85 107 381 177 Anno 1741. (Num. 51.) 28. Junii.
630 219 1024 306 Wienerisches
428 338 1176 451 DIARIUM.
379 447 1237 509 Mit Jhrer Königlichen Majestät Freyheit.
81 508 1534 590 Jn dem neuen Michaeler=Haus / bey Joh. Peter v. Ghelen.
299 626 557 675 Aus Türkey.
192 670 550 721 Constantinopel 6. May.
201 710 784 767 DJenstags gienge von hier der Kö=
221 753 783 810 nigl. Hungaris. und Böhmische
222 797 788 854 Groß=Bottschafter Hr. Graf
85 842 782 894 v. Ullefeld mit seinem übrigen Gefolge
83 887 784 937 nacher Wien anwiederumen zuruk / zu
83 929 783 980 welchem Ende auch Montags sowol sei=
83 972 784 1031 ne gantze Bagage / als auch der meiste
84 1014 782 1070 Theil seiner Haus=Leute voraus ge=
81 1057 782 1112 schicket wurde. Worgegen wir auch
82 1104 784 1155 für gewiß vernommen haben / daß eben=
82 1146 786 1198 fals der aldort sich befindende Ottoma=
81 1190 783 1243 nis. Groß=Bottschafter zu seiner ge=
85 1235 784 1288 gen die Helfte dieses Monats vor=
87 1279 783 1335 nehmenden Reise hieher zurücke in
84 1322 785 1383 Bereitschaft stehe; wornach auch die
84 1366 783 1421 Abwechslung dieser beeden grossen
86 1407 783 1465 Bottschaften auf denen Gräntzen von
85 1451 782 1507 Servien wiederumen vor sich gehen
85 1491 784 1559 wird. Entgegen kame der neue Fran=
84 1537 783 1600 tzösische Bottschafter Marquis de Ca=
87 1581 783 1638 stellane an statt seines Vorfahrers des
85 1624 784 1683 Hrn. Marchesen von Villeneuve hier an.
284 1678 582 1727 Aus Portugal.
267 1722 625 1777 Lisabon 2. May.
126 1759 440 1820 Der Königl. Verordnung zu Folge /
88 1809 441 1859 wovon letzthin Erwehnung geschehen /
88 1845 329 1905 seynd gestern alle Truppen zu Pferd und
82 1888 783 1949 zu Fuß sowol hier / als in allen Städten
83 1937 782 1994 dieses Reichs / wo einige ligen / von denen
87 1977 782 2040 dazu ernannten Commissarien / und Jn=
813 623 1528 672 spectoren gemustert worden. Man rü=
814 666 1529 722 stet mit allem Fleiß 6. Kriegs=Schiffe /
813 710 1529 765 welche nach Ost=Jndien bestimmet
814 754 1528 804 seynd / und noch in diesem Monat da=
815 798 1525 850 hin unter Segel gehen sollen. Dann
814 840 1528 898 der König hat beschlossen / in Zukunft
814 884 1528 937 eine ansehnliche Flotte / und eine hin=
816 927 1527 984 längliche Anzahl Truppen zu Goa zu
814 971 1525 1029 halten / um nicht nur solche Stadt zu
815 1015 1526 1071 beschützen / sondern auch einen Theil
815 1058 1529 1118 deren Colonien / die man seit einiger
815 1103 1525 1168 Zeit verloren / wieder zu erlangen.
982 1143 1353 1212 Lisabon 12. May.
834 1190 1534 1249 Die Flotte / so nach Goa gehen solle /
817 1233 1527 1297 liget zwar segelfertig / aber sie wird
817 1279 1527 1339 noch von dem Gegen=Wind aufgehal=
818 1320 1529 1387 ten. Der König hat den Entschluß
817 1370 1526 1426 gefasset / eine neue Haupt=Kirche auf=
817 1406 1529 1467 führen zu lassen / und zugleich soll ein
817 1456 1531 1510 Pallast für den Patriarchen erbauet
816 1479 1526 1555 werden. Der König hat deswegen
815 1540 1529 1605 700. Häuser erkauffet / welche nieder=
817 1587 1534 1640 gerissen werden sollen / damit man ei=
817 1633 1527 1688 nen rechten bequemen Platz zu diesen
818 1677 1527 1733 Gebäuden erhalte / welche an Pracht/
817 1720 1529 1779 und Schönheit alle in Europa übertref=
817 1762 1527 1819 fen werden. Die Haupt=Kirche wird
817 1809 1527 1874 nach dem gemachten Grund=Riß vor
818 1853 1521 1916 denen beeden berühmten Gebäuden /
818 1897 1528 1956 nemlich der Peters=Kirche zu Rom /
817 1945 1526 2002 und der Paulus=Kirche zu Londen /
862 1985 1189 2041 3 E
1402 1990 1532 2041 nichts
