1639 2191
724 41 1056 100 548
135 116 843 167 nichts weichen / wann die Ausführung
141 159 849 211 den Entwurf erfüllt. Se. Majestät
137 203 845 255 haben die berühmtesten Baumeister
139 243 847 302 aus Welschland / und Frankreich dar=
138 291 846 344 zu verschrieben / und es seynd viele in
139 332 846 385 andere Länder gereiset / welche das Be=
139 378 846 430 merkens=würdige an denen Haupt=Kir=
141 420 842 472 chen beobachten sollen / damit man die=
140 464 845 517 ses Gebäude ausnehmend schön auf=
137 509 844 565 führen könne. Vor etlichen Tagen
137 553 845 606 kame ein Engländisches Kriegs=Schif
138 598 847 650 hier an / welches zwey Spanische Frey=
138 642 553 693 beuter mit sich brachte.
256 687 729 736 Aus Groß=Brittannien.
319 731 664 783 Londen 5. Junii.
185 772 847 826 Der Herr General Wade wird diese
137 820 847 868 Woche abreisen / um alle Anstalten zu
139 863 847 913 dem Lager für unsere Truppen bey
138 907 847 959 Essex zu machen. Die jenige Trup=
138 950 847 1006 pen aber / welche über das Meer sollen
140 990 846 1048 übergeschiffet werden / versammeln sich
136 1036 847 1098 zu Harwich / und Colchester / und wer=
137 1080 850 1140 den die Schiffe zur Uberschiffung be=
138 1123 849 1178 reit gehalten. Die 2. Kriegs=Schiffe
140 1165 848 1226 Chester / und Tyger / jedes von 20.
142 1208 856 1273 Stücken / machen sich bereit / ein Schif /
140 1254 850 1313 (welches mit Kriegs=Vorrat beladen
139 1295 851 1354 worden / um solchen dem Herrn Admi=
139 1344 849 1401 ral Vernon zu überbringen) dahin zu
140 1387 849 1447 begleiten. Jndessen wartet man alle
139 1436 848 1491 Tage auf nähere Nachricht von ge=
140 1472 850 1533 dachtem Herrn Admiral Vernon we=
138 1522 849 1578 gen Carthagena. Aus Jamaica hat
139 1565 850 1624 man die zuverlässige Nachricht erhalten /
139 1609 848 1668 daß der Capitain Warren daselbst 3.
140 1654 850 1709 eroberte Schiffe glüklich aufgebracht /
139 1696 849 1753 deren das erste nebst vielen anderen kost=
140 1741 848 1803 baren Kaufmanns=Waaren / auch
141 1785 849 1846 1387. Pistoletten / und 290. Pfund
139 1830 850 1886 Silber / das andere eine grosse Quan=
139 1870 849 1931 tität Mehl / und Kriegs=Munition an
138 1919 850 1974 Boord gehabt / das dritte aber mit
139 1963 850 2019 Saltz / und andern Ledens=Nothwen=
140 2009 644 2064 digkeiten beladen gewesen.
1069 116 1410 167 Londen 9. Junii.
926 157 1587 209 Am Dienstag ist der Königl. Pohl=
881 202 1586 253 nische Minister / Herr Baron von Ut=
882 245 1585 304 terodt / und der Holländische Minister /
883 288 1585 341 Herr von Hopp / nach Hannover ge=
880 334 1586 382 reiset. Die Admiralität hat keine neue=
883 373 1583 430 re Zeitungen aus America empfangen.
885 421 1586 472 Gestern brachte man die Flagge des
883 458 1583 514 Admirals Don Blasio de Lezze / wel=
884 507 1583 565 che man in dem Hafen zu Carthagena
882 546 1586 603 von dem Schif Galicia bekommen / in
883 593 1587 647 den Pallast von St. James / um sel=
884 639 1587 692 bige dem Hertzog von Cumberland /
883 680 1586 735 und denen Königl. Prinzessinen zu zei=
885 727 1585 781 gen. Sie ist 40. Schuhe lang / und
884 767 1585 826 die Breite nach Proportion; sie ist
886 812 1586 865 von Tuch / auf welchem das Spani=
886 857 1587 914 sche Wappen gemahlen / und mit
887 900 1586 955 Kriegs=Zeichen umgeben. Die Spa=
887 941 1586 998 nier warffen selbige in das Meer / als
888 986 1585 1043 unsere Leute an das Schif kamen; es
886 1031 1585 1089 sprang aber einer von unseren Boots=
889 1072 1586 1128 Knechten gleich nach / und kriegte sie
887 1117 1586 1170 wieder. Die Völker / welche über das
888 1165 1582 1216 Meer gehen sollen / bestehen in 10.
888 1205 1586 1260 Compagnien / welche aus denen 3. Re=
889 1251 1586 1304 gimentern der Gardes zu Fuß genom=
888 1295 1587 1346 men werden / in 70. Mann von jedem
888 1337 1587 1391 Trup der Gardes / und Granadirer
887 1377 1591 1442 zu Pferd / 7. Regimentern zu Fuß /
888 1426 1586 1482 und 3. zu Pferd. Es wird selbige der
888 1467 1588 1524 General Wade commandiren. Die=
888 1509 1588 1576 ser Herr begab sich gestern / in Gesell=
886 1554 1590 1615 schaft einiger Officiers / nach Cokpit /
888 1601 1587 1658 allwo die Herren von der Regierung
886 1644 1588 1708 versammelt waren / und hielte eine lan=
886 1687 1588 1748 ge Unterredung mit ihnen. Herr Tho=
886 1734 1589 1790 mas Stanhope / des Lord Harrington
885 1773 1590 1837 zweyter Sohn / ist zum Adjutanten des
887 1816 1593 1877 General Wade / und Herr Eduard
885 1858 1591 1922 Compton / des verstorbenen Generals
883 1902 1592 1968 dieses Namens Sohn / zum Cassier de=
885 1950 1593 2006 rer Völker / welche über Meer gehen
883 1988 1594 2056 müssen / wie auch derer in Engländi=
