1641 2192
701 29 1037 83 554
357 99 656 150 Den 25. Junii.
375 145 500 186 Jn der Stadt.
160 178 856 224 Dem Edel=gestrengen und Hochgelehrten Hrn.
196 216 857 260 Frantz Mansvet, J. U. D. s. T. Maria Anna /
194 255 856 298 im Romoltis. H. in der Wildwerker=str. alt
195 293 280 337 1. J.
370 329 638 368 Vor der Stadt.
158 364 854 409 Dem Joseph Able / Marquetantern / s. K. Eva /
194 402 854 446 im Tischleris. H. auf der Wieden / alt 4. J.
159 439 852 485 Elisabeth Mallkalin/ Wittwe / bey dem grü=
197 477 780 520 nen Stifel auf der Wieden / alt 74. J.
158 513 853 559 Magdalena Janin l. M. bey dem grünen Baum
195 551 675 596 auf der Wind=mühl / alt 17. J.
156 588 853 632 Anna Robitzin / Wittwe / ihr S. Joseph / im
197 625 798 670 Numeris. H. zu Gumpendorf / alt 14. J.
159 664 854 706 Dem Joseph Schwab Heyducken / s. K. Niclas /
197 699 853 746 im Pflegeris. H. im Lerchenf. alt 5. viertel J.
156 736 854 781 Georg Märckl / Kutscher / bey dem goldenen
191 775 748 821 Hirschen auf der Wieden / alt 54. J.
156 810 855 856 Dem Jacob Ruey / Holtz=ausscheibern / s. K.
191 848 854 892 Francisca / im Hegelmilleris. H. unter denen
194 882 661 930 Weiß=gärbern / alt 7 viertel J.
155 921 854 1005 Summa 8. Personen / darunter 4. Kinder.
348 963 665 1045 Den 26. Junii.
376 1006 632 1048 Jn der Stadt.
154 1040 857 1085 Johann Georg Guetman / Schreiber / im
195 1079 791 1125 Schickis. H. am Juden=platz / alt 28. J.
372 1119 639 1157 Vor der Stadt.
155 1149 857 1197 Augustin Mehlknecht / Garde=Soldat / bey der
195 1190 806 1233 goldenen Kugel am Neubau / alt 50. J.
157 1223 860 1272 Johann Beßler / alt 47. J und der Bartho=
194 1260 857 1308 lomœ N. alt 40 J. beede bey denen FF. Miser.
156 1297 855 1345 Dem Joseph Spitznagel / Garde=Soldaten / s.
192 1337 859 1381 K. Anton / bey St. Anton am oberen Neu=
194 1374 407 1418 stift alt 2. J.
155 1411 856 1455 Dem Gregorio Hobeck / Kutschern / s. K. Ca=
189 1449 862 1496 spar / im Neupauris. Ziegel Ofen am Alster=
190 1487 431 1530 bach alt 5. J.
154 1522 860 1570 Dem Georg Zutterman / Tagwerk. s. T. Ca=
190 1563 856 1608 tharina / bey dem Winkel=eisen am oberen
190 1599 508 1643 Neustift / alt 15. J.
153 1636 860 1685 Frantz Kayser / arm. M. im Lehen=kutscheris. H.
190 1674 611 1719 auf der Landstr alt 64. J.
160 1711 858 1757 Summa 8. Personen / darunter 2. Kinder.
191 1769 860 1816 NB Bey Hrn. Michael Kochberger in
155 1804 782 1854 Schneeweiß Gässel zu Presburg / und dem
156 1843 861 1897 Verleger des Wienerischen Diarii / und mei=
158 1880 743 1931 sten Buchführern alhier ist zu haben:
193 1917 859 1967 Die Königl. Hungarische Cron in Naturs=
154 1951 861 2012 Grösse samt einer Beschreibung / in Teutsch=
155 1995 866 2046 und Lateinischer Sprach / wie auch einen
890 97 1595 143 Prospect der Königl. Ungarischen Haupt=
893 135 1592 181 und Krönungs=Stadt Presburg in Kupfer
892 173 1591 218 gestochen / in anderthalb Bogens Grösse /
892 210 1279 254 das Exempl. pr. 17. kr.
927 279 1590 322 NB. Denen Jnteressenten der sogenannten
890 315 1592 360 Haager oder Generalitäts=Holländischen 19=
891 354 1592 399 ten Lotterie / wird hiemit zu wissen gemacht /
888 390 1591 436 daß besagter Lotterie 4te Claß in Loco gezo=
888 427 1591 472 gen worden / und die Original=Ziehungs=
889 465 1589 507 Listen bey dem Verleger des Wienerischen
892 503 1590 547 Diarii Joh. Peter v. Ghelen in dem neuen
888 541 1591 584 Michaeler Haus eingeloffen / und nach zu
889 578 1590 622 sehen seynd; worinnen nachfolgende Numeren
889 615 1590 661 mit beygesetzten Preisen herausgekommen: Als
929 840 1595 882 Jtem seynd auch die Auswechslungs oder
891 877 1592 921 renovir Loß von der 19ten Utrechter Lotterie
893 914 1592 960 3ten Claß / welche den 10. Julii 1741. gezo=
891 953 1345 997 gen wird alda angekommen.
892 640 1583 693 Num. | fl. | Num. | fl.
891 679 1586 730 16389 | 50 | 33810 | 40
892 717 1589 768 16992 | 40 | 31 | 45
895 754 1583 805 28771 | 45 | 47 Freyl. | 25
952 790 1195 842 95 | 45 |  |
931 1021 1592 1065 NB. Jm Prasserischen Buch= und Kunst=füh=
894 1055 1593 1101 rerey Gewölb / auf dem Koblmarkt in Graf
894 1096 1591 1143 Volkerischen Haus / zum Schild bey St. Jo=
895 1134 1593 1175 hannes in der Wüsten / ist unter anderen um
897 1171 1303 1211 billichen Preis zu haben:
964 1208 1594 1255 Brevis Instructio circa sacras Cere-
897 1243 1594 1291 monias hebdomadæ majoris ex accuratissi-
896 1279 1593 1331 mis sacrorum Rituum interpretibus. Vene-
895 1322 1593 1367 tiis primùm Anno 1717. ltalico idiomate
896 1354 1594 1400 collecta, nunc latinè cum notis ex abso-
895 1395 1592 1435 lutissimis Commentariis in Rubricas Missa-
894 1433 1596 1474 lis, & Breviarii annexis reddita à P. Caje-
896 1473 1597 1523 tano Merarti, Cler. Reg. . &c. 1741. in 8vo.
931 1506 1596 1554 Item Decachordon, sive X. Missæ solen-
895 1546 1591 1597 nes concertantibus 4. vocibus obligatis,
894 1584 1592 1634 quibus accedunt pro novitate Domini II.
896 1624 1596 1667 Missæ Pastoritiæ, &c. à R. Fr. Konigsperger,
896 1661 1597 1710 Ord S. Bened. 1741 fol. im Kupfer gestochen
896 1700 1015 1745 Opus I.
933 1733 1596 1773 Item Philomela suaviter decuntans lau-
896 1768 1597 1818 des divinas, sive VIII. Offertoria pro omni
896 1808 1601 1857 tempore Opus II. etiam 4. vocibus obliga-
896 1850 1438 1895 tis. fol. 1741. im Kupfer gestochen.
934 1901 1592 1924 Item Symphoniæ sex, senæque sonatæ,
897 1940 1590 1956 quæ Posteriores pro Cappellis usurpandæ,
899 1969 1599 1997 anteriore ex cameris excipiendæ venirent.
897 2006 1305 2039 à Gregorio Werner. fol.
