1653 2201
800 24 875 67 557
105 83 801 129 // werden. Dahero wir zu rechter Zeit von
107 124 802 167 // der Göttl. Weissagung anermahnet werden:
107 158 802 200 Qualis Rector est civitatis, tales & inha-
109 197 801 240 bitantes in ea: Wie der ist / so eine Stadt
107 235 797 280 regieret / also seynd auch / die darinnen
109 276 492 318 wohnen. Eccl. l. 10. v. 2.
140 305 800 352 // Es werden also unter euch die unschul=
106 344 800 391 // dige Sitten / das unsträfliche Leben / und
106 381 800 424 // alle andere einem Ordens=Mann anständi=
107 418 801 465 // ge Tugenden im höchsten Flor seyn / wann
106 457 803 503 // solche Tugenden in eurem Oberhaupt her=
107 493 803 537 // vor leuchten. Dahero eure gröste Sorge
108 531 800 577 // dahin ergehen muß / daß ihr dem jenigen
106 569 802 611 // die oberste Stelle ertheilet / welcher in der
107 604 803 651 // genauen Beobachtung des eilfertig=Regul-
110 643 802 689 // mässigen Gehorsams / und durch das Bey=
108 680 801 725 // spiel seiner lobwürdigen Werken anderen
106 718 800 762 // eine Richtschnur / und Antrieb zu einem
108 754 800 800 // heiligen GOttes=förchtigen Leben seye /
107 787 800 837 Quis sapiens (fraget durch unseren Mund
106 823 803 872 der H. Apostel Jacobus) quis sapiens, & di-
105 863 799 909 sciplinatus inter vos / Offendat ex bona
106 900 801 944 conversatione operationem suam in man-
105 938 800 982 suetudine sapientieæ. Wer ist weiß / und
105 972 801 1020 wol erfahren unter euch? Der erzeige mir
101 1012 801 1057 seinem guten Wandel sein Werck in Sanft=
104 1049 799 1091 mut der Weisheit. // Sehet das Ebenbild
102 1086 804 1129 // eines besten Vorstehers / so zwar nicht ent=
105 1122 801 1168 // worffen / sondern durch die Farben gleich=
105 1160 802 1205 // sam lebhaft vorgestellet wird. Welcher
104 1200 804 1241 // nemlich durch das trefliche Exempel seines
104 1236 804 1279 // vorher geführten Lebens anderen ein Licht
107 1272 805 1317 // ist / welcher durch das Ansehen seiner Sit=
109 1311 804 1355 // ten / und durch die Reiffe seiner Reden
105 1348 804 1392 // sich zu Nutzen dereu anderen wird gerich=
108 1385 806 1429 // tet haben; welcher endlichen die Gelindig=
108 1421 806 1463 // keit / und die Sanftmütigkeit des Vatters
112 1460 805 1499 // mit der Weisheit wird vereinbaret haben:
112 1492 805 1541 // Eben der jenige ist warhaftig der würdig=
111 1533 806 1577 // ste / so ihr euch durch gemeinsame Einstim=
112 1565 807 1615 // mung euer Gemüter zu eueren Führer / und
111 1607 485 1648 // Vatter erkiesen sollet.
145 1644 808 1687 // Dieweilen aber (wie die Heil. Schrift
113 1683 808 1725 // meldet) doctrina sua noscetur Vir, qui
112 1719 811 1763 autem vanus, & excors est, patebit con-
113 1759 810 1804 temptu; Ein Mann durch seine Lehr wird
111 1792 809 1837 bekannt werden / wer aber eitel ist / und un=
113 1831 807 1876 witzig / der wird in Verachtung kommen.
111 1867 813 1914 // Müsset ihr euch auch dieses vor Augen ge=
113 1906 812 1955 // stellet seyn lassen / daß der jenige unter
115 1943 812 1994 // euch vorstehe/ welcher wegen seines un=
112 1979 813 2025 // sträflichen Lebens Wandels/seiner Gelehr=
116 2015 820 2075 // samkeit / und Erfahrenheit andere über=
838 86 1542 131 // trift: damit er nemlichen gleichwie eine
837 121 1542 171 // Cron dem Haupt / also eurer Wissenschaff=
839 160 1538 203 // ten zur unverketzlicher Ehre eures Ordens
838 197 1538 247 // ein Beschützer / und Vermehrer seye. Zu=
837 234 1538 283 // malen / von der Geflissenheit zur Lehre die
834 269 1540 319 // Frommkeit gleichsam ernähret / und beyde
837 308 1539 356 // miteinander durch ein gemeinschafftliches
839 344 1539 393 // Band verknüpfet werden. Jndeme( wie
838 381 1538 433 der weise Mann meldet:) Qui diligit disci-
837 417 1539 464 plinam, diligit & scientiam. Wer die
838 455 1538 509 Züchtigung lieb hat / der hat Verstand lieb.
838 493 1062 533 Prov. II. v. I.
875 531 1539 579 // Wie aber kan wol geschehen /daß unter ei=
837 571 1538 618 // nem ungelehrten / und unwissenden Haupt
837 605 1541 654 // die Gelehrsamkeit in ihrer Blühe / und im
837 640 1540 693 // Schwung seye / ja es wäre vielmehr zu be=
839 678 1541 730 // förchten / daß die untüchtige denen gelehrten
838 718 1542 766 // und weisen Männern vorgesetzet und ein
837 754 1540 803 // jeder Ungeschicktester die Gerechtsame / und
837 789 1543 840 // die Würde deren Berühmtesten durch Kühn=
838 827 1421 873 // heit / und Gewalt anfallen würde.
875 862 1541 912 // Jedoch was kan von solchen mit Raht /
839 901 1541 951 und Gelehrsamkeit vortreflich begabten Män-
840 942 1544 989 // nern / wie wir unter euch zu seyn wol wis=
838 973 1543 1023 // sen /jemalen anderes erwartet werden / als
835 1012 1544 1061 // ein sowol mit Wissenschafft / als GOttes=
839 1049 1543 1096 // Forcht geziertes / und mit allen denen der
838 1086 1547 1136 // Würde eines obersten Vorstehers geziemenden
842 1123 1545 1175 // Tugenden versehenes Haupt /erwehlet euch
844 1163 1545 1210 // dannenhero mit einhelligen Stimmen einen
843 1199 1547 1250 //solchen Führer / und Vatter / welcher den se=
843 1236 1548 1284 // ligsten Franciscum, enren Vatter / und Ge=
844 1275 1549 1325 // satzgeber vor Augen habend / dessen heiligsten
842 1312 1548 1362 // Lebens Art also nachahme/ daß er andurch
844 1350 1548 1399 // die übrige mit seinem Beyspiel zur Tugend
842 1390 1547 1435 // anleite / und mit dem Glantz der Gelehrtheit
844 1421 1549 1468 // die Wissenschaften deren Göttl. / und
845 1460 1548 1510 // Weltl. Dingen in eurer Versammlung
844 1499 1548 1544 // zu vermehren trachte / dann einen solchen
844 1535 1548 1583 // Vorsteher verlanget von euch der gesammte
846 1572 1549 1622 // auf eure Treue und GOttes=Forcht sich steif=
847 1608 1550 1657 // fende Orden; einen solchen verlangen die
850 1649 1549 1698 // Wahl=Stimmen deren Provintzen / welche euch
844 1685 1550 1734 // diese geosse Sache zu schlichten anvertrauet
845 1725 1552 1772 // haben / und einen solchen von euch erwehlet
849 1760 1551 1810 // zu sehen ist auch endlichen unser eigenes
847 1797 1197 1843 // eintziges Verlangen.
884 1835 1549 1884 Ebenfalls Samstags wurde in der Kirche
845 1867 1550 1925 von St. Johann Lateran von dem Monsig.
847 1906 1552 1962 Rossi. Ertz=Bischoffen von Tarso, anstatt des
844 1945 1552 1998 Mons. Spada, welcher unpäßlich ware / ein
847 1987 1555 2036 bekehrter Jud von Livorno / Namens Rasar.
1495 2050 1554 2075 30.
