1661 2207
659 8 1005 61 562
92 80 807 135 nächst auf erhaltene allergnädigste
92 124 809 180 Königl. Antwort / auch allergnädigst
94 169 807 227 gestatteten Königl. Hand=Kuß / sich
93 217 810 269 zurück begeben / und mittelst zweyer
94 258 808 314 Abgeordneten denen an denen Hun=
97 303 808 359 garischen Gräntzen unweit des Brü=
97 349 809 401 ckels / verharrenden übrigen Hunga=
95 394 809 448 rischen Herren Ständen / welche bis
96 438 812 493 daher entgegen gekommen / kund gema=
98 484 811 537 chet / wie daß Sie bis 4. Uhr
98 528 812 580 nach=Mittags / als zu der von Jh=
98 568 812 625 rer Königl. Majestät denenselben ei=
99 614 812 673 gens gegebenen Stunde ihrer beglück=
99 661 812 715 ten Annäherung / in Bereitschaft seyn
100 706 813 761 solten / Selbe auf besagten Gräntzen
99 750 812 806 gewöhnlicher massen zu empfangen.
103 798 813 852 Zu dessen mehrerer Ankündung man
103 840 812 893 annebst in dem unweit hier aufge=
102 885 816 940 schlagenen Lager die Losung durch ei=
102 926 815 981 nen Stuck=Schuß gabe / worauf auch
104 968 816 1026 alsogleich alle Stücke rund um die al=
103 1019 814 1078 hiesige Festung abgefeueret wurden.
107 1063 818 1116 Es ware nicht auszusprechen / was
104 1107 817 1161 für ein augenblickliches Frolocken und
106 1149 818 1205 Jubel=Geschrey unter dem sehr häuf=
106 1195 820 1250 figen Volk erscholle / und liesse solches
109 1239 822 1294 alsobald theils zu denen Fenstern / theils
109 1286 822 1340 aber und zwar die meisten nach dem
108 1329 822 1384 vor hiesige Stadt vorbey fliessenden
112 1377 580 1426 Donau=Strom hinaus.
161 1420 824 1471 Es versammleten sich auch alle
110 1465 822 1517 Herren Bischöffe / und Prœlaten des
111 1497 824 1567 Königreichs in dem alhiesigen herrli=
113 1554 824 1612 chen Pallast Sr. Hochfürstlichen Ertz=
113 1601 827 1654 Bischöflichen Gnaden von Gran / Eme=
113 1646 824 1700 rici Esterhazy de Galantha, Primatis
113 1692 826 1748 des Königreichs Hungarn rc. von
115 1737 827 1789 wannen selbe sogleich in 22. theils
116 1780 828 1835 mit 6. theils mit 4. Pferden bespann=
116 1826 829 1876 ten Kutschen (unter welchen 2. mit
117 1868 827 1922 denen Haus=Bedienten Sr. Hoch=
118 1915 829 1974 fürstl. und Ertz=Bischöfl. Gnaden / so
123 1956 829 2014 alle in Hungarischer prächtigster Klei=
121 2006 829 2060 dung waren / besetzte Wagen den An=
843 77 1556 131 fang gemachet / sodann aber denensel=
843 123 1554 176 ben die kostbareste Kutsche / worinnen
845 167 1555 221 selbst Se. Hochfürstl. und Ertz=Bi=
846 213 1555 264 schöflichen Gnaden von Gran / nebst
845 257 1554 309 denen Bischöffen von Segnia und Sie=
847 300 1554 354 benbürgen sassen / gefolget ware) in
847 347 1555 398 schönster Ordnung und ihrem Rang
849 390 1556 443 gemäß nach dem sogenannten eine hal=
848 436 1558 490 be Stund entlegenen kleinen Berg (wel=
850 481 1554 534 cher die Gräntzen zwischen Hungarn
849 526 1557 577 und Oesterreich scheidet) hinaus
848 571 1556 623 fuhren / und allda von dem (Titl.)
850 613 1557 670 Herrn Grafen Carl Palfi als von de=
850 658 1562 712 nen gesamten Ständen zu genauer Hal=
851 706 1554 758 tung einer guten Ordnung ernannten
852 749 1560 802 Commissario empfangen / und nach ei=
852 794 1556 846 nem zu dem Empfang Jhrer Königl.
853 838 1560 893 Majestät aufgerichteten grossen Ge=
854 882 1265 939 zelt geführet wurden.
901 929 1561 979 Solche Ordnung hielte auch der ho=
854 971 1559 1025 he Adel des Reichs / und verfügte sich
856 1016 1561 1077 selber zu Pferd in ungemein schöner
855 1062 1556 1114 Gala mit seinem Ober=Haupt (Tit.)
856 1106 1562 1159 Herrn Generalen Grafen Joseph von
857 1149 1561 1202 Esterhazy de Galantha, Bano von Dal=
857 1195 1559 1241 matien / Croatien / und Sclavonien
858 1240 1563 1292 rc. (in dessen Pallast sie zusammen
857 1284 1567 1338 gekommen) ebenfals nach dem obbe=
858 1329 1563 1381 meldten Ort vor die Stadt hinaus /
860 1374 1565 1427 aldorten sie auch von dem obbenann=
859 1417 1564 1473 ten Hrn. Gr. Palfi empfangen / und
858 1457 1566 1518 zur Rechten des sehr prächtig und gros=
860 1509 1569 1561 sen Königl. Gezelts / gegen welchem
862 1549 1562 1607 gerad zur linken Seite die Königl.
861 1598 1571 1654 Hartschieren Leib=Garde zu Pferde /
861 1638 1570 1699 nebst dem Palfischen Kürassier=Regi=
861 1689 1571 1743 ment zu stehen kame) postiret wurde:
862 1730 1571 1786 da solches geschehen ware / hörete man
863 1774 1572 1832 die Trompeten und Paucken allezeit
862 1822 1573 1875 und unermüdet erschallen. Nicht zu
862 1860 1574 1923 glauben ist / was für häuffiges Volk
863 1910 1578 1968 Jhrer allergnädigsten Königin entge=
859 1951 1580 2014 gen lieffe / und langete Allerhöchst=
1466 2010 1572 2057 Die=
