1643 2193
640 18 979 72 565
86 88 782 133 digste Erb=Königin und Frau ansichtig zu
86 128 786 170 werden / in guter Ordnung und ohne gering=
87 165 787 209 ster Ungelegenheit vollendet worden. Jhre
87 202 788 248 Königl. Majestät erhuben sich hierauf in dero
89 239 789 285 Retirada / und gaben / nach einer kleinen Ver=
88 278 788 323 weilung / denen anwesenden hohen Standes=
88 316 788 361 Personen Audienz; ertheilten auch sogleich
90 354 788 398 den gnädigsten Befehl / daß den 21sten
88 392 789 435 dieses die sammentlich=Hungarische Her=
87 430 792 473 ren Stände vor=Mittags zur bestimten Zeit /
91 470 790 511 in dem Schloß sich versammeln solten / um /
92 507 790 550 nach dem gewöhnlichen Gottes=Dienst (wel=
90 544 790 590 chen sodann Se. Ertz=Bischöfl. Gnaden von
92 582 790 627 Gran hielte) den Königl. Vortrag zu verneh=
94 620 522 664 men / dahero verfügten sich
128 657 795 701 Den 21sten dieses die gesammte Herren
90 695 797 741 Stände und Orden gegen 9. Uhr vor=Mittags
93 733 798 777 nach der Ante= Camera und den grossen Saal
89 771 798 817 Jhrer Majestät / begleiteten Allerhöchst=Die=
90 798 798 854 selbe in die Schloß Kappelle / alwo sie insge=
87 845 798 890 samt auch dem obbesagten Gottes=Dienst bey=
90 884 798 929 wohneten. Da nun Jhre Königl. Majestät
93 921 799 966 hernach sich auf eine kurtze Zeit in dero eigene
92 958 797 1003 Zimmer begeben hatten / erschienen Allerhöchst=
91 998 800 1040 Dieselbe in dem Königl. Saal / alda im Name
93 1034 799 1079 Jhrer Majestät (so auf dem aufgerichteten
92 1071 803 1118 Königl. Thron sassen) obbenannter Hungari=
93 1110 804 1156 scher Herr Obrist=Hof=Cantzler denen herum=
92 1147 804 1193 stehenden Ständen in eigener Lands=Sprache
97 1186 806 1233 den Allergnädigsten Königl. Vortrag machte;
98 1226 804 1272 und da hernach Jhre Majestät denselben in
96 1263 803 1309 eigner Person und in Lateinischer Sprache be=
95 1299 804 1345 kräftiget / auch in demselben gnädigsten Vor=
98 1338 806 1384 trage die Stände / wie Selbe sich allezeit nicht
97 1375 806 1420 allein als eine Königin / sondern als eine Mut=
99 1416 804 1461 ter erzeigen werde / versicheret hatte / stattete
820 74 1541 133 Deroselben Se. Hochfürstl. Ertz=Bischöfliche
823 126 1541 170 Gnaden der Herr Primas im Namen aller
824 165 1538 211 Ständen für solche bezeugte Gnad den unter=
826 203 1541 246 thänigsten Dank ab / und / nachdeme er Jhrer
826 240 1542 285 Königl. Majestät die Angelegenheiten des
824 278 1543 322 Reichs / so sich jezumahlen ereignen sollen / un=
825 317 1541 362 terthänigst anbefohlen / versprache er anbey im
825 354 1548 400 Name derer Ständen Jhrer Königl. Majest.
824 394 1541 438 eine unverbrüchliche Treue allezeit beständig
827 432 1247 476 zu halten / und zu erweisen.
864 468 1546 515 Durch die mit allergnädigsten und nach=
827 507 1540 554 drücklichsten Worten abgelegte Anrede Jhrer
827 544 1546 591 Königl. Majestät wurden gesamte Gemüter
828 582 1547 629 auf das heftigste beweget ja also gerühret daß
828 623 1549 665 viele von denen herumstehenden aus Freuden
833 657 1550 705 überhäuffige Zäher vergossen haben. Sodann
833 698 1551 742 giengen die Stände von dem Schloß nach dem
835 733 1547 779 Königl. Rahts=Hauß / lasen daselbst den erst=
834 773 1550 818 ernannten Vortrag herab; nach welchen al=
834 810 1553 857 sogleich 2. Herren Bischöffe in Begleitung an=
834 849 1551 893 derer Herren Magnaten und vielen Adels ab=
833 886 1553 931 tratten / den Thurn (in welchem die H. Kron
834 923 1556 969 des H. Stephani aufbehalten wird) aufzu=
834 961 1555 1008 schliessen / brachten auch alsogleich und miz
836 999 1557 1046 grösten Freuden sowol erst bemeldte H. Krone
837 1037 1555 1082 als auch den Königl. Mantel / dessen man sich
838 1075 1558 1120 bey der Krönung gebrauchet / nach denen Kö=
840 1113 1160 1157 niglichen Zimmern.
879 1152 1561 1196 Den 22sten dieses ernannte Jhre Maje=
841 1189 1558 1235 stät obgemeldten Hrn. Grafen Johann Palfy
839 1228 1563 1275 zu dero Vice=König und Palatinum: die Krö=
841 1267 1559 1314 nung aber allerhöchst Jhrer Majestät verblie=
841 1305 1561 1350 be auf morgen als den 25sten dieses fest ge=
841 1344 1565 1386 stellet / welche wir auch in das künftige nach
840 1382 1564 1427 Möglichkeit zu beschreiben im Vornehmen
840 1420 955 1465 haben.
