1650 2201
565 48 767 99 207
15 119 321 184 Anno 1741.
321 118 1158 185 (Num. 20.)
1158 118 1450 175 11. Martii.
550 234 942 317 Wienerisches
348 349 1092 455 DIARUM.
310 461 1153 516 Mit Jhrer Königlichen Majestät Freyheit.
11 514 1447 601 Jn dem neuen Michaler=Haus / bey Joh. Peter v. Ghelen.
218 635 486 685 Aus Jtalien.
180 677 537 729 Livorno 17. Febr.
23 718 708 782 ALlhier werden von Pisa bis
17 760 709 825 4000. Fußgänger / und 1000.
16 806 709 858 Reuter / für welche bereits die
45 849 709 910 Quartier zu Empoli / San Miniato /
51 894 709 947 Castel Fiorentino / und Pontedra an=
16 934 708 988 geordnet worden / erwartet. Zu Flo=
16 979 709 1032 rentz wird für 6000. Mann / welche
16 1019 708 1075 (nachdeme die regulirte Teutsche Mi=
18 1065 708 1118 liz in das Feld gerucket seyn wird) aus
17 1108 710 1161 dem Land=Volk aufgenommen / und da=
17 1146 710 1205 mit die Besatzungen ersetzet werden sol=
18 1194 710 1243 len / die Montur verfertiget. Unter=
17 1237 710 1296 dessen ist auch ein Römisches Fahr=
17 1281 711 1337 Zeug gemietet worden / auf welchen
41 1324 712 1379 Bomben / Mörser / und anderes Krie=
19 1366 711 1422 ges=Geräte unter Begleitung einer mit
18 1403 711 1461 Mund=Vorrat beladenen Galeeren na=
20 1456 710 1509 cher Porto Ferrajo abgeschicket werden
18 1498 711 1551 sollen. Auf besagter Galeere wird auch
19 1542 711 1593 der Obrist=Leutenant von dem Tosca=
19 1586 712 1640 nischen Regiment als Commandant
19 1628 712 1682 des ernannten Platzes mit dahin ab=
21 1676 138 1723 gehen.
362 1718 531 1766 Florentz 18. Febr.
61 1759 708 1810 Verwichenen Samstag ist von all=
21 1800 713 1856 hiesigem Ertz=Bischof in Gegenwart
22 1846 711 1901 des Hrn. Vicarii / und Archi=Diaco=
21 1888 711 1941 ni in gewöhnlicher Form die Stelle
14 1932 710 1985 dieses Ertz=Bistums abgeleget wor=
11 1972 710 2031 den. Sonntags Vor=mittag gien=
738 626 1444 683 ge der Hr. General Brettewitz / von hier
739 671 1444 723 nacher Livorno ab und kame Abends
740 715 1162 767 wieder anhero zurücke.
941 759 1257 813 Genua 18 Febr.
784 803 1440 861 Man vernihmt das dieser Tagen in
740 847 1440 900 der Gegend von Giorgienti ein Schwe=
742 888 1441 946 disches mit 2000. Last Getreid ange=
741 928 1307 987 fülltes Schif gescheiteret seye.
918 976 1290 1029 Meiland 22. Febr.
786 1017 1441 1075 Auf Befehl des Wienerischen Hofs
744 1061 1445 1116 sollen nach Toscana noch mehrereTrup=
743 1105 1437 1155 pen / als schon dahin beorderet wor=
743 1147 1445 1198 den / aufbrechen. Von Mantua ver=
742 1190 1443 1242 nihmet man / daß dahin wiederum ei=
742 1235 1442 1289 nige Truppen im Anmarsch seyen / und
742 1279 1441 1335 zu Parma seynd ebenfalls die alldasi=
741 1323 1450 1375 ge Soldaten / um in Toscana einzuru=
742 1367 1442 1416 cken / in Bewegung. Eben alda wird
742 1409 1443 1460 eine Menge Kriegs=Geräht / und gro=
740 1452 1442 1505 bes Geschütz/ um selben Platz als eine
744 1497 1445 1552 Gräntz=Festung gegen den Ticin in gu=
743 1538 1440 1594 ten Stand zu setzen / herbey geschaffet /
744 1581 1439 1632 und werden zu dem Ende grosse Ma=
745 1630 1065 1680 gatzinen errichtet.
925 1665 1262 1721 Venedig 25. Febr.
789 1711 1444 1763 Sonntags Vor=mittag nahme in
744 1753 1443 1809 hiesiger Stadt das H. durch 15. Täg
743 1798 1445 1855 daurende allgemeine Jubilæum / so von
744 1840 1446 1895 Jhrer Päpstl. Heil. verliehen worden=
740 1884 1445 1936 den Anfang. Mittwochs Vor=mittag
740 1928 1450 1987 verfügte sich unser Patriarch mit dem
786 1975 1073 2022 1 U
1073 1979 1446 2031 gan=
