1652 2203
814 37 901 71 210
135 81 835 147 aufeinander folgen; nemlich der Mar=
137 140 835 191 quis von Brancas / General=Leutenant
134 182 831 233 seit dem Jahr 1710. Der Herzog von
135 226 833 275 Chaulnes von Albert Pair von Frank=
134 267 833 323 reich / der Marquis von Nangis Bri=
135 311 833 361 chanteau / und der Printz von Jsenghien /
133 355 832 404 Gubernator der Provintz von Artois /
135 396 830 446 General=Leutenants seit dem Jahr
137 439 831 493 1718. Der Hertzog von Duras seit
133 477 830 532 dem Jahr 1720. Der Marquis von
132 517 831 575 Maillebois Desmarez / Commandant
135 569 827 619 auf der Jnsul Corsica / und endlich
133 611 829 663 der Graf von Bellisle Fouquet / er=
135 654 828 705 nannter Königl. Gesandter auf dem
133 699 830 750 Wahl=Tag zu Frankfurt an Mayn /
134 743 828 794 so beyde 1731. zu General=Leutenants
132 786 827 836 gemacht worden. Dem Marquis von
132 827 830 877 Maillebois ist die Zeitung dieser seiner
131 869 830 923 Erhebung nach Corsica überschicket
130 912 283 959 worden.
308 961 649 1003 Aus Niederland.
296 1002 658 1053 Waalwyk 7. Febr.
174 1045 827 1096 Sowol hier / als zu Hedickhwysen
128 1089 827 1137 nimmt das Wasser merklich ab / und
127 1131 828 1181 da solches durch die Löcher stark hinaus
127 1173 828 1221 lauft / muß die Maaß anjetzo viel nie=
129 1215 828 1265 driger / als das Binnen=Wasser seyn.
129 1257 826 1309 Jm Elshout / und etlichen da herum
127 1300 827 1353 belegenen Dörfern im Lande von Heus=
127 1345 824 1398 den seynd einige Plätze schon trocken.
127 1387 826 1438 doch die meisten Häuser weggespühlet /
126 1429 823 1482 und die übrigen sehr beschädiget; so
127 1459 823 1524 daß die arme Leute solche vor besche=
124 1516 822 1569 hener Ausbesserung nicht bewohnen
124 1562 268 1608 können.
328 1604 605 1653 Aus Rußland.
303 1649 649 1697 Moscau 20. Jan.
171 1649 821 1740 Thamas Kulicham ist / seit dem er
123 1736 820 1785 von seinem Heerzuge gegen den gros=
128 1777 821 1830 sen Mogol zurück gekommen / auf Mit=
124 1822 819 1873 tel bedacht gewesen / die Usbeckischen
124 1864 820 1916 Tartarn zu züchtigen / die verschiedene
124 1907 820 1960 Jahre her alles gethan / seine Absich=
120 1951 821 2005 ten rückgängig zu machen/ und die Per=
867 96 1567 148 ser zu einem Aufstande zu reizen. Ge=
869 140 1558 191 dachter Printz versammlete daher im
867 183 1562 234 abgewichenen Monat September eine
867 227 1559 276 Armee von 40000. Mann in Chora=
867 266 1558 319 san unter Anführung eines seiner be=
867 311 1560 360 sten Generals. Diese Armee / wor=
865 352 1558 404 unter sich viel Cavallerie befand / be=
866 396 1560 448 gab sich zu Anfang des Octobris auf
867 440 1558 493 den Marsch / gegen die grossen Bu=
868 482 1558 535 charey anzurücken / welche das von
866 527 1558 577 diesen Tartarn bewohnte Land ist. Wie
865 568 1557 626 die Usbecker die Annäherung der Per=
864 611 1558 665 sianer erfuhren / giengen sie ihnen ent=
864 655 1558 708 gegen / und lieferten ihnen nicht weit
863 698 1558 752 von dem Flusse Amu ein Treffen. Da=
863 742 1556 796 rinnen wurden die Usbecker nach ei=
862 785 1557 834 nem sehr blutigen Gefechte in Unord=
864 825 1556 878 nung gebracht / ob sie gleich über die
864 869 1555 923 Helfte stärker als ihre Feinde waren.
865 913 1561 966 Sie flohen mit solcher Eilfertigkeit
863 954 1556 1009 über den Fluß Amu / daß ein Theil
863 1000 1556 1054 von ihnen bey dessen Passirung ertrank.
863 1043 1555 1097 Die Perser / welche sich die Bestürtzung
863 1089 1556 1138 zu Nutzen machen wolten / so die=
863 1128 1554 1179 se Niderlage in dem Lande verursach=
863 1172 1555 1225 te / säumeten auch nicht / über den Fluß
863 1215 1558 1269 zu gehen / und zogen geraden Weges
863 1256 1556 1312 gegen Buchara / die Haupt=Stadt von
862 1301 1554 1353 der grossen Bucharey. Der Kan / wel=
862 1345 1554 1396 cher so viele Truppen / als er in Eil
861 1390 1553 1443 gekont / wieder zufammen geraffet hat=
860 1432 1552 1485 te / postirte sich etliche Meilen von der
861 1476 1553 1527 Stadt / um die Perser zu erwarten.
859 1518 1551 1571 Diese aber griffen die Usbecker aufs
856 1563 1550 1619 neue an / und erhielten so grosse Vor=
856 1606 1552 1661 theile über sie / daß viele auf der Wal=
856 1652 1554 1703 statt blieben / die Gefangene / und die
855 1694 1550 1745 Beute / welche sehr ansehnlich war /
853 1737 1551 1788 nicht zu rechnen. Hierauf nahmen
854 1781 1552 1836 diese siegreiche Truppen Buchara mit
855 1823 1552 1876 stürmender Hand em / welche grosse
854 1867 1551 1917 Stadt einen Wall / und ein Schloß
853 1910 1548 1957 hat / wo der Kan von der Bucharey
853 1950 1550 2007 seine Residenz hatte. Die Perser
