1653 2203
72 28 768 72 alles beantwortet / darauf dem neu=gebor=
74 67 764 113 nen Ertz=Hertzogen die Namen JOSEPHUS,
67 105 766 143 BENEDICTUS, AUGUSTUS, JOHANNES,
66 142 762 185 ANTONIUS, MICHAEL, ADAMUS, gege=
68 179 262 215 ben worden.
103 215 761 260 Hierauf hat die Königl. Frau Aja den
68 250 761 297 Durchlgsten Ertz=Hertzogen zuruk empfangen /
68 290 761 333 und ihn auf dem Sammeten Polster des mehr=
68 326 761 369 gedachten Tisches ordentlich wieder zusam=
66 365 758 406 men gemacht / folgends selben vorbenann=
67 399 760 443 tem Hrn. Grafen Aloysio Raymund von Har=
66 437 762 481 rach / N. Oest. Land Marschallen überliefert /
65 474 759 517 welcher ältester unter gegenwärtigen Rittern
67 510 758 555 in Begleitung deren zwey nechsten Rittern /
65 546 758 591 als Hrn. Philipp Ludwig Grafen von Sin=
64 583 756 628 tzendorf / und Hrn. Gundacker Grafen von
63 618 756 665 Starhemberg / mit Vorhertrettung des Or=
61 656 757 703 dens=Wappen König / den neu=getauften Ertz=
61 690 755 740 Hertzogen vor Jhro Königl. Hoheit dem
62 727 755 777 Groß=Meisters des Ordens getragen; neben
61 769 756 814 welcher kurtz zuvor nemlich nach der Heil.
58 800 754 850 Taufe (Tit.) Hr. Heinrich Fürst von Auer=
56 834 754 886 sperg / Ritter des Goldenen Vlieses / Königl.
57 874 753 923 Obrist=Hof=Marschall / rc. sich mit dem blos=
57 911 752 961 sen Schwert gestellet / welches er von dem
57 945 751 997 Tisch nechst des Altars genommen; der ob=
59 985 751 1037 besagte Hr. Wappen König anstatt des Rit=
59 1025 750 1074 ter Ordens=Cantzlern (Tit.) Hrn. Johann
57 1057 748 1110 Theodor Baron von Jmbsen / so sich damalen
57 1095 750 1152 krank befande / knie=biegender vor Jh. Kön.
57 1132 748 1180 Hoheit / das Ordens Rituale, und den rot=
57 1170 747 1220 sammeten mit Gold auf das reicheste ver=
56 1207 749 1258 brämten Polster / darauf die Ordens=Kette
56 1250 746 1297 geruhet / so er auch kurtz zuvor von dem
55 1279 527 1335 Tisch abgelanget / vorhaltend.
86 1338 749 1396 Jhre Königl. Hoheit / die Sich eben auf
53 1371 746 1428 dem Sessel niedergelassen / und bedecket hat=
55 1412 745 1464 ten / da inzwischen von dem Ober=Kammer=
51 1444 745 1502 Furrier Hrn. Heinrich Joseph Maichsner
51 1487 745 1537 von Maichsenau das Knie=Bänklein auf die
52 1518 744 1577 Seite getzogen worden / nahmen von dem
50 1555 744 1614 Hrn. Obrist=Hof=Marschalln das Schwert /
49 1592 744 1649 führten über den Durchlgsten Canditaten die
85 1637 745 1684 3. gewöhnl. Ritter=Streiche / sprechende: Ef-
49 1666 745 1721 ficiat te Deus bonum & honorabilem Equi-
122 1709 742 1754 tem in nomine Domini nostri, & S. Geor-
50 1739 742 1796 gii: GOtt mache dich zum guten / und
49 1779 744 1833 ruhmwürdigen Ritter im Namen des HErrn /
50 1818 743 1873 und des H. Georgii; und gabe darauf ihme
50 1851 743 1907 die Goldene Ritter=Ordens Ketten um / fol=
48 1893 742 1945 gends aus vorbesagtem Ritual laut herun=
47 1926 742 1982 ter lesende / Ipse Te hic Ordo in Sodalita-
46 1965 743 2022 tem amicabilem suam recipit, ejusque rei
803 27 1505 72 signum Torquem ego hunc tibi circum-
802 66 1503 111 do, faxit Deus, ut gestare eum possis, id-
800 104 1502 156 que ut simul ad Divinam Gloriam, atque
799 141 1504 184 Cultum, Exaltæionemque Ecclesia cedat,
797 178 1503 222 simul etiam cùm ad Amplificationem, Ho-
796 216 1505 259 noremque hujus ipsius Ordinis in univer-
797 252 1503 295 sum tum ad tuam privatam Laudem, &
797 289 1501 333 promeritam Famæ celebritatem, in Nomi-
796 326 1504 370 ne Patris, & Filii. & Spiritûs Sancti, Amen.
796 366 1505 407 zu Teutsch: Dieser Orden nihmet dich in sei=
795 403 1501 443 ne Huldreiche Bruderschaft an / zu dessen
793 440 1501 481 Zeichen ich dich mit dieser Ordens=Ketten
794 478 1500 519 umgebe; GOtt verleihe / damit dieselbe
793 513 1499 554 lang zur Ehre GOttes / und der Kirchen
794 550 1496 592 tragest / sie gedeyhe zugeich auch sowol
793 588 1497 629 zum Wachsthum und Ehre dises samment=
792 624 1499 666 lichen Ordens / als zu deinem eigenen Ruhm
793 661 1499 701 und wolverdienter Ehre / im Namen GOtt
791 696 1498 743 des Vatters / und des Sohns / und des
789 735 1106 776 h. Geistes / Amen.
826 783 1497 829 Hierauf umarmeten auf das zärtlichste
789 819 1496 866 Jhre Königl. Hoheit den Durchlgsten neuen
787 858 1498 898 Ritter / als Confratrem, und vorbenann=
787 894 1496 939 ter Herr Graf v. Harrach / N. Oe. Land=Mar=
787 930 1494 975 schall / in Begleitung deren vorbenannten
785 967 1496 1017 zweyen ältesten Herren Rittern / truge den=
785 1006 1492 1049 selben wieder zuruk / und stellete ihn aber=
785 1043 1491 1086 mal der Königl. Frau Aja zu / so selbige
785 1079 1492 1128 auf den vorigen Tisch niedergeleget / darauf
785 1116 1490 1158 der Päpstl. Herr Nuntius das Te Deum lau-
785 1154 1489 1203 damus angstimmet / welches die Königl.
785 1189 1489 1235 Hof=Musici vollendet: bey dem Anfang des=
785 1229 1490 1272 selben / wurde sogleich das erstemal von der
783 1266 1489 1308 auf der Burg=Bastey stehenden Stadt=Guar=
783 1305 1489 1346 di das kleine Gewehr / und nachdem alle
782 1339 1490 1384 Stuck / deren 122. waren / um die Stadt ge=
781 1377 863 1416 löset.
817 1423 1485 1468 Wehrend dessen alle Herren Ordens=Ritte=
781 1462 1488 1504 re nach ihrem Rang / anstatt der sonst ge=
780 1496 1487 1541 wöhnlichen Brüderlichen Umfangung / zum
779 1533 1486 1582 Kuß deren Windel=Tüchern / wormit der
780 1571 1486 1617 Durchlgste Ertz=Hertzog bedecket ware / mit
780 1608 1485 1652 Kniegebogener Reverenz gelassen / und also
780 1644 1486 1689 diese höchste Ritter=Ordens Verrichtung ge=
780 1682 1486 1726 schlossen worden; welches Jhre Königl. Ho=
779 1721 1484 1764 heit nach dem Beyspiel des Durchlgsten Stif=
778 1756 1487 1800 ters dieses Ritter=Ordens Philippi Boni,
779 1791 1486 1840 (oder Philipp des Gütigen) Hertzogen in
778 1829 1486 1874 Burgund (welcher seinem Herrn Sohn Ca-
778 1867 1485 1914 rolo Audaci, Carl dem Tapfern / gleich nach
777 1904 1487 1951 dessen Tauf die Ordens=Kette umgehenket)
777 1939 1484 1986 auch um einen so glükseligen Tag desto herr=
777 1980 1486 2024 licher / zu zu machen / und zu besonderer Eh=
1449 2024 1491 2063 re
